2340 4296
370 640 567 701 AENElDOS
587 642 661 703 LlB.
674 644 726 707 lx.
966 648 1029 713 265

111 796 231 855 Interea
244 792 388 871 pavidam
402 794 535 855 volitans
549 800 683 871 pennata
696 812 753 873 per
765 797 872 861 urbem

69 879 180 941 Nuntia
190 876 285 939 Fama
296 876 365 951 rull,
380 878 547 955 matrisque
560 878 702 941 allabitur
714 897 806 943 aures

68 962 204 1041 Euryali.
238 962 280 1023 lu
293 960 412 1022 subitus
426 963 558 1024 miserae
572 964 658 1025 calar
672 980 747 1025 ossa
760 968 896 1043 reliquiis
977 976 1030 1033 lle

70 1046 202 1109 Excussi
216 1046 356 1107 manibus
369 1045 448 1106 redii
462 1050 664 1125 revolutaque
678 1066 787 1127 penso.

67 1134 179 1195 Evolat
191 1131 306 1207 infelix,
321 1137 352 1191 et
365 1131 497 1192 femineo
512 1133 638 1207 ululatu,

70 1218 178 1279 Scissa
191 1232 319 1291 comam,
333 1230 439 1277 muros
454 1232 560 1277 amens
575 1225 668 1292 atque
682 1216 805 1293 agmina
818 1234 909 1280 cursu

69 1303 168 1363 Prima
180 1302 264 1378 petil,
277 1316 341 1361 non
354 1301 407 1360 illa
418 1300 527 1375 virdm,
542 1317 605 1362 non
618 1302 671 1363 illa
684 1304 790 1379 pericli
880 1334 884 1343 ·

67 1388 271 1461 Telorumque
280 1400 413 1457 memore
428 1387 548 1447 coelum
556 1386 667 1447 dehinc
675 1388 834 1463 questibus
842 1385 962 1463 implet=
977 1396 1030 1453 ceo

68 1472 176 1546 „Hune
190 1486 249 1545 ego
264 1476 303 1543 te,
318 1470 461 1545 Euryale,
476 1471 640 1546 adspiciat
658 1478 731 1532 tune
745 1472 797 1531 ille
810 1480 954 1533 senectae

66 1554 165 1631 „Sera
178 1570 265 1614 meae
279 1554 412 1631 requies,
428 1556 554 1631 potuisti
568 1556 707 1632 linquere
721 1558 820 1617 solam

66 1639 249 1715 „Crudelist
268 1654 328 1699 nec
342 1645 381 1713 te
396 1639 455 1700 sub
468 1645 552 1699 tanta
566 1641 703 1716 pericula
715 1642 854 1716 missum,
923 1680 926 1685 -
1046 1627 1059 1656 ⁸

65 1722 184 1801 „Allan
199 1729 367 1783 extremum
380 1724 512 1783 miserae
527 1726 600 1784 data
613 1726 705 1801 copia
718 1726 829 1785 matri?
903 1752 907 1758 ·

66 1810 164 1885 „Heu
179 1814 261 1867 terra
274 1807 379 1883 ignota
392 1808 521 1868 canibus
536 1808 607 1868 date
621 1809 738 1883 praeda
751 1810 866 1869 Latinis
977 1816 1030 1873 lde

65 1892 283 1969 „Alitibusque
297 1892 396 1953 iacesl
418 1906 476 1952 nee
491 1899 521 1952 te
534 1892 566 1951 in
582 1899 633 1952 tua
647 1894 755 1951 lunera
768 1899 865 1953 mater

66 1976 230 2053 „Produxi
246 1976 387 2051 pressive
402 1978 520 2047 oculos,
536 1984 589 2036 aut
601 1977 729 2037 vulnera
743 1978 813 2051 lavi,

67 2061 184 2137 „Veste
197 2069 315 2135 tegens,
330 2060 384 2121 tibi
398 2076 490 2137 quarn
504 2068 612 2121 noctes
626 2060 738 2121 leelina
747 2062 879 2135 diesque

68 2144 241 2221 „Urgebam
259 2152 290 2205 et
303 2145 364 2205 tela
378 2160 468 2205 curus
483 2146 608 2205 solabar
621 2145 729 2205 aniles.
1016 2186 1019 2191 -

68 2228 154 2307 „Quo
166 2245 288 2304 sequar,
303 2236 356 2291 aut
367 2245 447 2304 quae
459 2244 539 2289 nrrnc
551 2236 635 2289 artus
647 2227 965 2304 avulsaquemembru
977 2235 1031 2291 490

66 2314 125 2391 ,,Εῑ
139 2314 228 2373 lunus
244 2314 377 2375 lacerum
390 2314 481 2373 tellus
495 2312 609 2373 habeta
628 2312 783 2373 licemini
798 2312 838 2373 de
850 2318 903 2384 te,·

66 2398 172 2473 „Nate
187 2398 306 2458 relersl
326 2398 469 2457 hocsem
483 2406 625 2474 terraque
639 2398 777 2472 merique
792 2403 921 2465 secutae

67 2482 185 2559 „Figite
199 2497 257 2555 me,
272 2482 299 2542 sl
315 2498 377 2557 qua
390 2488 438 2542 est
451 2482 568 2558 pietas;
590 2482 621 2541 in
636 2498 685 2541 me
700 2482 802 2541 omnia
818 2482 880 2541 telo

67 2566 244 2642 „Coniiclte
261 2581 279 2625 ο
294 2566 410 2637 Rutuli;
432 2582 482 2626 me
496 2568 625 2642 primam
639 2566 790 2626 absumite
804 2566 902 2635 lemos

66 2652 151 2727 „Aut
162 2657 204 2724 tu,
219 2666 329 2725 magne
344 2658 432 2727 puter
446 2652 560 2725 divum,
575 2650 730 2723 miserere,
746 2657 861 2723 tuoque
977 2656 1030 2711 495

66 2734 223 2811 „Invisum
238 2735 298 2794 hoc
313 2736 441 2796 detrude
456 2742 547 2811 caput
561 2734 619 2795 sub
633 2734 758 2794 Tartaro
769 2734 841 2807 telo,

66 2818 218 2893 „Quando
233 2820 320 2879 aliter
333 2834 454 2895 nequeo
469 2820 625 2879 cmdelem
639 2818 821 2895 abrumpere
836 2818 957 2877 vitam.“

66 2904 135 2965 lloc
149 2902 224 2965 fletu
238 2904 383 2965 concussi
398 2906 499 2975 animi,
515 2912 713 2977 maestusque
728 2918 784 2977 per
797 2917 905 2963 omnes

66 2988 94 3048 lt
107 2988 253 3064 gemitus3
275 2995 398 3064 torpent
410 2989 557 3049 infractae
570 2988 610 3047 ad
624 2988 743 3064 proella
756 2988 850 3047 vires.

66 3073 154 3133 Illam
169 3073 381 3132 incendentem
396 3073 495 3133 luctus
510 3074 621 3133 Idaeus
636 3078 667 3133 ei
678 3074 784 3147 Actor,
979 3078 1032 3133 500

67 3157 175 3217 llionel
189 3158 304 3216 monitu
319 3163 349 3217 et
362 3156 487 3217 multum
501 3158 687 3217 lacrimantis
702 3157 766 3233 luli,

67 3240 241 3318 corripiunt
254 3242 394 3317 interque
407 3257 517 3302 munus
532 3241 589 3301 sub
605 3249 685 3301 tecta
698 3246 859 3317 reponunt.

108 3328 150 3385 At
163 3325 237 3385 tuba
250 3325 413 3386 terribilem
427 3327 561 3386 sonitum
576 3327 683 3401 procul
698 3341 769 3385 aere
783 3337 898 3384 canoro

65 3411 237 3487 Increpuit·
259 3409 399 3487 sequitur
412 3412 536 3481 clamer,
552 3410 735 3483 coelumque
749 3406 888 3481 remugit·
1018 3480 1021 3485 Ι

65 3494 250 3555 Accelerant
263 3503 332 3556 acta
347 3496 460 3571 pariter
473 3494 626 3555 testudine
639 3491 756 3564 Volsci,
868 3560 871 3565 ¹
921 3499 924 3505 '
978 3495 1031 3549 5⁰5

65 3578 105 3637 Et
119 3578 223 3638 lossas
238 3578 365 3656 implere
379 3586 489 3667 parunt
503 3594 540 3637 ac
554 3578 669 3638 vellere
684 3575 814 3645 vallnm;

67 3660 224 3734 Quaerunt
236 3678 310 3739 pars
324 3664 449 3735 aditum,
465 3669 496 3723 et
510 3662 603 3723 scalis
618 3659 810 3721 adscendere
824 3670 957 3758 muros,

69 3744 135 3819 Qua
147 3760 218 3805 rara
231 3753 279 3807 est
292 3747 385 3824 acies,
400 3748 620 3821 interlucetque
634 3758 751 3803 corono

66 3828 134 3890 Non
149 3836 210 3889 tam
224 3830 329 3906 spissa
341 3832 439 3893 viris·
462 3831 604 3891 Telorum
619 3828 778 3889 ellundere
792 3828 940 3887 eontra
969 3843 973 3865 ¹

67 3913 166 3976 Omne
179 3930 279 3991 genus
292 3916 401 3977 Teucri
415 3931 452 3976 ac
467 3915 553 3975 duris
568 3912 738 3977 detrudere
750 3910 871 3985 cuntis,
928 3921 943 3930 ··
998 3908 1062 3961 bill
