2326 3780
125 205 166 272 ta
372 206 406 267 r.
427 205 588 266 vmomo
608 170 785 266 umoris

23 418 27 425 .
127 360 224 423 larda
237 357 329 432 venit,
345 359 424 421 seris
438 360 555 419 lactura
568 357 733 433 nepotibus
747 358 905 429 umbram

127 444 279 519 Pomaque
293 444 480 519 degenerant
493 457 606 504 suecos
621 440 716 503 oblita
728 443 858 517 priores,

126 528 160 588 m
174 535 279 603 turpes
295 529 403 589 avibus
418 528 565 603 praedam
579 526 637 586 lert
649 541 712 586 uva
725 541 876 586 racemos.
1047 539 1079 591 60

167 612 290 672 Scilicet
304 612 444 672 omnibus
459 616 508 671 est
521 611 609 671 labor
623 610 857 686 impendendus
881 619 912 673 et
927 626 1038 674 omnes

124 696 289 772 Cogendae
303 697 334 755 in
349 696 470 756 sulcum
485 711 522 754 ae
536 694 630 754 multa
643 694 786 755 mercede
802 695 989 757 domandae.

123 780 188 842 Sed
201 780 318 842 uuncis
334 781 420 840 oleae
434 779 551 853 melius,
567 778 736 854 propagine
746 779 826 839 vites

124 865 333 940 Respondent,
349 862 450 924 solido
463 861 597 938 Paphiae
612 862 651 921 de
664 862 776 923 robore
790 869 929 940 myrtum

124 947 236 1009 Plantis
252 955 282 1007 et
296 947 392 1007 durae
407 947 503 1008 coruli
517 953 683 1007 nascuntur
697 954 728 1007 et
740 948 849 1022 ingens
1026 958 1032 969 ·
1047 952 1078 1009 65

121 1031 283 1105 Fraxinus,
299 1030 532 1105 Herculeaeque
546 1032 639 1092 arbos
653 1031 801 1092 umbrosa
813 1045 951 1092 coronae

123 1115 311 1189 Chaoniique
324 1115 420 1191 patris
435 1115 573 1189 glandes,
589 1115 679 1174 etiam
693 1116 790 1175 ardua
803 1116 906 1190 palma

121 1199 272 1270 Nascitur,
289 1206 319 1258 et
334 1215 426 1259 casus
442 1199 528 1258 abies
541 1198 648 1259 visura
660 1200 805 1260 marinos.

121 1282 270 1343 Inseritur
283 1298 356 1342 vero
372 1289 402 1342 et
416 1283 503 1343 nucis
519 1283 644 1343 arbutus
657 1282 783 1343 horrida
798 1284 870 1358 fetu,

120 1367 161 1427 Et
174 1365 294 1426 steriles
309 1367 425 1441 platani
439 1368 538 1428 malos
553 1382 679 1442 gessere
692 1369 848 1437 valentes;
1046 1376 1079 1428 7⁰

122 1448 291 1511 castaneae
307 1452 405 1526 fagus,
423 1467 579 1527 ornusque
594 1451 729 1511 incanuit
743 1452 813 1511 albo

120 1530 212 1595 Flore
226 1535 293 1610 piri,
309 1535 513 1612 glandemque
529 1552 603 1596 sues
618 1536 739 1609 fregere
753 1535 811 1596 sub
826 1535 927 1596 ulmis.

163 1619 226 1679 Neo
240 1621 350 1680 modus
372 1623 508 1687 inserere
523 1626 616 1696 atque
631 1620 738 1679 oculos
759 1622 920 1695 imponere
935 1619 1076 1697 simplex.

19 1701 22 1706 ’
120 1703 197 1763 Nam
212 1720 274 1778 qua
289 1720 323 1764 sc
337 1706 438 1767 medio
453 1706 579 1766 trudunt
593 1703 632 1763 de
648 1704 762 1763 cortice
775 1718 916 1779 gemmae
933 1730 939 1743 ·

120 1787 159 1848 Et
174 1796 280 1849 tenues
295 1797 439 1865 rumpunt
452 1791 581 1863 tunicas,
597 1795 746 1862 angustus
760 1789 791 1847 in
805 1787 875 1862 ipso
1046 1792 1078 1848 75

120 1870 168 1933 Fit
182 1873 265 1936 nodo
280 1874 385 1934 sinus:
407 1875 467 1934 huc
483 1875 582 1941 aliena
596 1886 636 1931 ex
650 1872 760 1933 arbore
775 1885 899 1946 germen

119 1956 434 2032 includuntgudoque
449 1958 562 2017 docent
576 1957 748 2015 inolescere
760 1956 849 2016 libro.

121 2043 185 2101 Aut
199 2058 321 2101 rursum
338 2041 455 2100 enodes
469 2040 567 2100 trimci
582 2047 761 2099 resecantur
776 2047 805 2099 et
820 2039 881 2098 alte

119 2122 260 2184 Finditur
273 2125 305 2182 in
323 2124 455 2183 solidum
470 2125 577 2184 cuneis
588 2123 650 2197 via,
665 2123 778 2184 deinde
793 2124 914 2184 feraces

120 2206 246 2268 Plantae
260 2207 473 2266 immittuntur:
497 2224 554 2268 nec
568 2209 694 2282 longum
708 2215 838 2283 tempus,
854 2213 885 2267 et
898 2207 1014 2283 ingens
1044 2211 1078 2266 et

108 2291 202 2351 >Exiit
216 2290 256 2352 ad
272 2291 392 2351 coelum
405 2292 499 2352 ramis
514 2292 654 2353 felicibus
666 2293 770 2365 arboS,

34 2366 36 2373 ’
76 2395 79 2402 ·
99 2414 102 2419 -
119 2374 308 2449 Miraturque
323 2392 421 2437 novas
437 2377 565 2439 frondes
581 2383 611 2436 et
625 2393 687 2436 non
702 2392 760 2435 sua
774 2390 875 2450 poma.

162 2455 324 2517 Praeterea
338 2475 435 2534 genus
450 2460 534 2522 haud
547 2476 640 2521 unum
655 2459 854 2519 neclectibus
870 2458 972 2536 ulmis,

119 2540 182 2600 Nec
197 2541 284 2602 salici
299 2544 433 2618 lotoque,
449 2543 664 2619 nequeidaeis
679 2542 866 2621 cyparissis;
914 2566 917 2571 ·

119 2624 181 2684 Nec
195 2625 326 2701 pingues
341 2645 432 2688 unam
445 2628 476 2688 in
491 2627 600 2689 taciem
614 2635 780 2689 naseuntur
794 2627 907 2687 olivae·
1046 2631 1077 2687 85

120 2707 288 2782 orchades,
305 2719 336 2771 et
348 2712 435 2786 radii,
450 2720 481 2774 et
495 2728 599 2774 amara
611 2712 722 2788 pausia
737 2712 856 2784 bacca,

118 2792 274 2868 Pomaque
290 2802 320 2855 et
334 2797 455 2858 Alcinoi
469 2799 582 2868 silvae;
605 2813 663 2857 nee
678 2798 817 2857 surculus
831 2795 914 2854 idem

120 2877 298 2939 Crustumiis
314 2878 475 2958 Syriisque
489 2881 574 2958 piris,
597 2881 804 2956 gravibusque
817 2877 960 2940 volemis.

118 2962 186 3024 Non
201 2964 309 3024 eadem
324 2963 484 3026 arboribus
498 2966 613 3041 pendet
626 2965 781 3024 vindemia
794 2962 918 3037 nostris,

120 3044 216 3119 Quam
229 3047 444 3123 Methymnaeo
461 3049 559 3125 carpit
573 3049 613 3109 de
627 3049 749 3125 palmite
762 3046 892 3108 Lesbos.
1048 3052 1082 3108 9⁰

119 3128 197 3191 Sunt
210 3131 341 3191 Thmiae
355 3133 443 3205 vitea,
458 3141 529 3193 sunt
542 3140 572 3194 et
585 3133 771 3194 Mareotides
785 3130 887 3191 albae·

117 3210 282 3289 Pingoibus
296 3215 356 3276 hae
370 3218 458 3278 terris
472 3217 600 3291 habiles,
615 3217 782 3277 levioribus
796 3215 890 3288 illae,

117 3295 157 3358 Et
168 3313 265 3373 passo
280 3299 395 3361 Psithia
409 3302 519 3375 utilior,
540 3301 703 3377 tenuisque
717 3302 838 3376 Lageos

117 3381 280 3442 Tentatora
295 3386 392 3458 pedes
408 3387 480 3448 olim
494 3386 696 3462 vincturaque
710 3385 861 3461 liuguam;

117 3461 292 3544 Purpureae
307 3470 508 3548 preciaeque;
535 3478 565 3531 et
579 3486 640 3546 quo
655 3477 686 3531 te
700 3468 834 3531 carmine
849 3467 962 3545 deam,
1049 3470 1084 3531 ab
1157 3480 1160 3493 ·

1147 892 1158 941 i
