2340 4296
180 607 222 672 50
444 605 477 667 Ρ.
497 608 659 671 VIRGlLll
679 608 854 673 MARONIS

221 764 267 822 hc
283 761 353 822 dum
367 760 466 837 prima
478 760 569 825 novis
583 760 734 823 adolescit
747 763 908 825 frondibus
923 776 1017 840 aetas,

178 846 367 909 Parcendum
380 846 501 921 teneris,
523 852 554 907 et
567 845 640 907 dum
654 860 690 907 se
704 846 801 910 laetus
816 849 857 908 ad
871 864 962 911 auras

178 933 295 993 Palmes
311 931 380 1007 agit,
396 930 475 991 laxis
490 944 547 1007 per
560 946 670 1006 purum
682 930 838 994 immissus
851 932 988 1009 habenis,

178 1020 249 1095 lpsa
263 1016 329 1076 acie
343 1015 478 1075 nondum
493 1014 579 1074 iaicis
595 1017 747 1088 tentanda,
762 1017 821 1076 sod
833 1017 922 1078 uncis
1076 1027 1132 1083 ³65

178 1100 357 1178 carpendae
372 1098 514 1160 manibus
527 1098 653 1161 frondes
667 1100 807 1175 interque
820 1101 979 1177 legendae.

176 1189 249 1247 lnde
263 1185 316 1246 ubi
330 1183 390 1243 iam
402 1182 513 1242 validis
527 1184 687 1258 amplexae
701 1184 847 1261 stirpibus
861 1187 961 1263 ulmos

174 1270 318 1339 Exierint,
333 1274 396 1328 tum
410 1267 524 1343 stringe
538 1281 653 1341 comas,
667 1274 729 1329 tum
743 1268 869 1329 brachia
881 1271 993 1332 tonde·

177 1361 254 1415 Ante
268 1351 466 1413 reformidant
480 1351 625 1427 serrum,
646 1360 711 1413 tum
725 1352 861 1429 denique
876 1355 954 1415 dura

176 1440 292 1498 Exerce
307 1436 433 1513 imperia
447 1441 476 1495 et
489 1450 593 1497 ramos
607 1434 772 1513 compesce
785 1436 926 1499 fluentes.
1075 1446 1131 1503 310

216 1521 379 1582 Texendae
393 1534 485 1595 sepes
500 1520 592 1581 etiam
606 1526 636 1581 ei
649 1536 747 1598 pecus
763 1524 853 1583 omne
866 1523 1042 1601 tenendum,

173 1606 342 1681 Praecipue
356 1604 428 1665 dum
442 1606 527 1664 irons
542 1611 648 1665 tenera
661 1606 900 1682 imprudensque
914 1606 1064 1687 laborum,

174 1690 238 1762 Cui,
254 1705 349 1765 super
363 1688 504 1765 indignas
518 1688 634 1751 hiemes
649 1691 809 1767 solemque
822 1698 987 1767 potentem,

174 1774 337 1836 Silvestres
351 1775 397 1833 uri
412 1774 538 1835 assidue
553 1789 746 1851 capreaeque
761 1790 913 1849 sequaces

172 1860 312 1934 illudunt,
326 1866 494 1935 pascuntur
508 1873 584 1918 avos
599 1859 771 1935 avidaeque
785 1858 942 1920 iuvencae.
1073 1868 1131 1925 dio

170 1944 298 2020 Frigora
311 1958 369 2004 neo
382 1950 496 2004 tantum
512 1958 590 2002 cana
604 1950 747 2003 concreta
760 1944 878 2019 pruina,

170 2032 234 2089 Aut
247 2028 351 2106 gravis
366 2026 545 2088 incumbens
560 2028 697 2102 scopulis
712 2026 867 2088 arentibus
882 2034 995 2105 aestas,

170 2112 320 2189 Quantum
333 2112 376 2174 illi
390 2126 524 2173 nocuere
538 2126 658 2186 greges,
674 2111 803 2187 durique
816 2127 969 2172 venenum

168 2196 275 2259 Dentis
290 2204 321 2258 et
334 2197 479 2257 admorso
495 2196 614 2270 signata
628 2196 658 2254 in
673 2195 768 2272 stirpe
780 2196 915 2257 cicatrix.

167 2279 234 2343 Non
248 2282 339 2342 aliam
355 2280 394 2343 ab
409 2280 531 2357 culpam
544 2279 666 2339 Baccho
681 2295 775 2357 caper
789 2282 932 2342 omnibus
945 2280 1009 2343 aris
1072 2290 1131 2348 380

168 2364 320 2440 Caeditur,
335 2370 366 2425 et
381 2370 502 2425 veteres
516 2364 621 2422 ineunt
635 2366 799 2437 proscenia
813 2365 886 2439 ludi,

166 2448 367 2523 Praemiaque
381 2446 511 2521 ingeniis
526 2460 625 2521 pagos
640 2453 671 2507 et
684 2448 818 2523 compita
831 2449 945 2511 circum

166 2532 319 2593 Thesidae
334 2544 477 2607 posuere,
494 2537 585 2603 atquc
598 2529 677 2590 inter
690 2533 802 2609 pocula
815 2533 886 2593 laeti

166 2614 309 2677 Mollibus
323 2616 355 2675 in
369 2613 465 2691 pratis
479 2620 590 2673 unctos
605 2614 726 2675 saluere
740 2632 796 2690 per
808 2624 902 2677 utres.

165 2701 305 2761 Necnon
319 2698 459 2772 Ausonii,
475 2697 565 2757 Troia
578 2714 655 2773 gens
670 2700 775 2773 missa,
791 2701 890 2759 coloni
1072 2708 1128 2767 385

164 2784 315 2845 Versibus
329 2782 469 2844 incomtis
485 2782 592 2843 ludunt
604 2782 732 2857 risuque
747 2784 858 2857 soluto,

165 2868 286 2943 Oraque
300 2868 463 2929 corticibus
478 2874 600 2928 sumunt
613 2867 768 2927 horrenda
782 2868 905 2940 cavatis,

162 2954 199 3013 Et
213 2961 251 3025 te,
265 2954 395 3025 Bacche,
413 2958 523 3014 vocant
539 2966 594 3026 per
607 2951 741 3011 carmina
756 2953 842 3026 laeta,
861 2953 976 3027 tibique

164 3038 277 3099 Oscilla
291 3054 330 3096 ex
346 3038 406 3097 alta
420 3037 612 3111 suspendunt
625 3037 729 3096 mollia
745 3038 826 3112 pinu.

161 3122 239 3183 ilinc
253 3121 352 3181 omnis
367 3122 452 3195 largo
468 3120 610 3197 pubescit
623 3120 714 3181 vinea
728 3123 798 3190 fetu,
1069 3134 1121 3191 39⁰

162 3206 357 3282 complentur
370 3206 529 3280 vallesque
543 3220 638 3265 cavae
652 3206 811 3281 saltusque
825 3204 978 3280 profundi,

163 3292 198 3349 Et
213 3304 408 3366 quocumque
419 3289 496 3350 deus
511 3288 625 3349 circum
641 3296 733 3365 caput
747 3290 808 3365 egit
822 3289 995 3350 honestum.

161 3374 240 3450 Ergo
254 3374 312 3434 rite
327 3390 416 3435 suum
428 3372 551 3433 Baccho
567 3374 703 3435 dicemus
719 3375 867 3435 honorem

161 3457 349 3520 Carminibus
363 3458 478 3535 patriis,
494 3460 660 3533 lancesque
675 3467 705 3519 ei
718 3459 781 3518 liba
796 3460 936 3530 ieramus,

158 3544 196 3602 Et
210 3544 319 3605 ductus
335 3558 430 3604 comu
444 3542 536 3603 stabit
549 3558 639 3603 sacer
651 3543 754 3604 hircus
769 3544 809 3603 ad
823 3559 915 3615 aram,
1067 3554 1114 3613 aaa

158 3628 345 3704 Pinguiaque
359 3628 390 3687 in
405 3627 528 3689 veribus
542 3626 723 3689 torrebimus
739 3635 809 3687 exta
823 3627 967 3687 columis.

198 3712 254 3773 Est
268 3713 358 3773 etiam
372 3712 423 3773 ille
437 3712 524 3773 labor
537 3712 681 3773 curandis
696 3712 809 3773 vitibus
824 3713 907 3784 alter,
1150 3784 1153 3793 Ι

159 3797 211 3859 Cui
223 3814 387 3875 numquam
397 3797 537 3858 exhausti
545 3797 620 3857 satis
632 3803 837 3873 estrnamque
850 3811 938 3856 omne
946 3798 1111 3873 quotannis
1148 3796 1153 3860 i

156 3883 275 3959 Terque
290 3889 459 3959 quaterque
473 3884 572 3947 solum
588 3882 804 3955 scindendum,
826 3880 977 3957 glebaque
993 3884 1095 3949 versis

1140 3980 1154 4089 ἒ.
