2326 3780
145 156 188 225 74
416 159 449 222 Ρ.
470 159 633 220 VIRGILll
653 160 828 223 MARONIS

144 312 306 373 Praetereo
320 321 413 387 atque
427 312 494 372 aliis
509 319 581 387 post
594 328 644 372 me
657 313 854 373 memoranda
867 315 1017 390 relinquo.

187 396 273 454 Nunc
288 412 353 472 age,
368 404 490 456 naturas
505 396 614 471 apibus
630 412 706 472 quas
721 396 834 470 Iupiter
847 397 916 472 ipse

37 506 42 513 ·
145 480 281 553 Addidit,
296 482 468 556 expediam,
483 495 540 555 pro
555 496 617 555 qua
629 480 779 552 mercede,
795 495 925 543 canoros
1048 491 1102 544 150

145 564 286 624 Curetum
300 565 418 625 sonitus
433 564 674 639 crepitantiaque
689 579 761 623 aera
775 573 907 640 secutae,

145 648 270 708 Dictaeo
287 648 366 708 coeli
379 664 483 723 regem
496 663 610 722 pavere
625 647 681 707 sub
696 654 792 707 antro.

144 731 238 793 Setae
253 746 429 793 communes
444 738 541 803 nates,
556 731 711 791 consortia
724 737 806 791 tecta

145 816 236 876 Urbis
250 816 372 888 habent,
388 815 568 889 magnisque
582 816 696 889 agitant
710 814 766 875 sub
781 815 899 891 legibus
914 832 1033 891 aevum,

144 900 322 975 Etpatriam
337 899 581 959 sclaeetcertcs
597 898 869 970 nuverePenates;
1046 911 1100 963 155

144 984 361 1057 venturaeque
374 982 483 1041 hiemis
497 996 648 1041 memores
661 989 777 1042 aestate
791 983 926 1043 laborem

144 1067 350 1142 Experiuntur
363 1073 393 1125 51
406 1066 436 1124 15
452 1065 585 1125 medium
599 1066 738 1140 quaesita
751 1075 909 1142 reponunt.

144 1151 281 1224 Namque
295 1150 373 1209 aliae
387 1149 471 1209 victu
484 1148 640 1223 invigilant
654 1156 685 1208 et
698 1150 823 1209 loedere
837 1158 926 1227 pactu

144 1234 332 1295 Exercentur
346 1233 443 1308 ugris;
466 1248 540 1308 pars
553 1233 631 1293 intra
645 1240 733 1307 septa
747 1234 905 1294 domorum

143 1317 279 1378 Narcissi
293 1319 448 1377 lacrimam
462 1324 492 1375 51
505 1317 618 1375 lentum
631 1317 671 1377 de
685 1317 797 1377 cortice
811 1318 912 1392 gluten
1033 1326 1100 1380 160

144 1401 244 1461 Prima
258 1402 337 1461 lavis
352 1408 469 1477 ponunt
483 1400 667 1473 fundamina,
689 1401 800 1460 deinde
815 1409 937 1461 tenaces

144 1483 344 1561 Suspendunt
357 1501 461 1555 ceras;
483 1485 562 1545 uliae
576 1500 664 1560 spem
678 1485 776 1559 gentis
792 1486 913 1545 adultos

146 1569 286 1631 Educunt
299 1571 395 1639 letus;
417 1569 495 1629 aliae
510 1569 674 1644 purissima
689 1569 779 1627 mella

144 1651 265 1729 Stipant
279 1662 309 1714 et
322 1653 439 1729 liquido
456 1653 631 1713 distendunt
644 1659 766 1712 nectare
781 1652 884 1711 cellas.

144 1736 231 1812 Sunt,
248 1738 358 1815 quibus
373 1738 413 1797 ud
427 1744 533 1813 pertus
548 1736 658 1796 cecidit
673 1736 813 1797 custodia
826 1735 909 1806 serti,
1047 1742 1098 1797 155

144 1818 938 1896 155555155555555155155555555155111555511,
1096 1868 1099 1873 .

146 1908 207 1968 Aut
221 1922 316 1967 cneru
328 1906 481 1981 accipiunt
495 1904 676 1978 venientum,
690 1911 741 1964 aut
755 1903 874 1978 agmine
889 1904 969 1963 15515

144 1990 299 2065 ignavum
315 1991 412 2060 15555,
427 2004 523 2063 pecus
538 2003 557 2046 a
571 1987 773 2063 praesepibus
787 1993 900 2047 arcent.

144 2074 254 2134 Fervet
268 2089 356 2149 opus,
373 2072 574 2146 redolentque
588 2072 693 2147 thymo
709 2071 872 2146 fragrantia
886 2070 990 2141 mella;

144 2162 192 2217 Ac
205 2158 307 2230 veluti,
323 2156 411 2217 lentis
426 2154 578 2231 Cyclopes
594 2155 717 2221 lrdmiua
730 2155 842 2217 massis

146 2241 245 2314 Quum
260 2246 435 2316 properant,
451 2238 503 2299 ulii
515 2239 641 2301 taurinis
657 2238 779 2299 lollibus
793 2255 884 2299 etuas

145 2325 309 2400 Accipiunt
321 2322 522 2399 redduntque,
538 2322 589 2383 ulii
604 2323 761 2383 stridentia
774 2322 911 2397 tinguunt

145 2412 229 2469 Aera
242 2406 431 2483 lucu-gemit
443 2406 595 2483 impositis
609 2405 770 2467 incudibus
785 2406 900 2476 Aetna,

145 2492 191 2551 Illi
206 2492 283 2552 inter
297 2506 369 2553 sese
381 2504 493 2565 magna
504 2489 537 2551 vi
550 2490 676 2550 brachia
690 2490 797 2550 tollunt

69 2608 72 2613 ·
146 2576 180 2636 ln
195 2590 360 2647 numerum,
375 2581 562 2649 versantque
576 2574 674 2634 tenaci
689 2552 967 2648 lorcipe⁸lerrum-=
1048 2577 1097 2634 115

145 2661 214 2720 Non
227 2660 321 2733 aliter,
337 2658 365 2721 si
379 2674 477 2733 parva
491 2658 561 2717 licet
574 2672 759 2732 componere
773 2657 901 2732 magnis,

147 2744 311 2821 Cecropias
326 2742 445 2803 innatus
460 2757 536 2817 apes
551 2756 637 2801 amor
649 2748 737 2815 urget
750 2740 890 2812 habendi,

147 2829 273 2891 Munere
289 2842 440 2903 quumque
455 2841 522 2885 suo.
552 2824 741 2884 Grandaevis
758 2825 873 2899 oppida
888 2839 978 2884 curae

146 2914 184 2973 Et
197 2912 314 2973 munire
328 2912 417 2971 laves
433 2915 463 2969 et
477 2908 607 2968 daedala
621 2908 736 2984 lingere
750 2915 846 2977 tectas

151 3000 188 3057 51
202 2998 305 3058 155555
319 2995 414 3055 multa
427 2993 561 3053 referunt
575 3008 610 3053 se
625 2999 714 3053 nacte
728 2994 870 3063 minares,
1047 2998 1099 3053 1811

147 3080 243 3140 Crura
257 3080 360 3157 thymo
374 3078 493 3155 plenae,
508 3084 676 3152 pascuntur
690 3084 722 3137 et
734 3075 842 3137 arbuta
854 3075 970 3150 passim

146 3163 184 3223 m
198 3165 321 3238 glaucas
336 3162 448 3224 salices
462 3161 639 3236 casiamque
654 3174 838 3234 crocumque
851 3157 1009 3218 rubentem

146 3247 185 3307 ut
200 3248 341 3325 pinguem
355 3246 450 3307 tiliam
463 3251 495 3307 ct
507 3245 698 3320 ferrugineos
712 3242 905 3321 hyacinthus.

149 3328 294 3391 Omnibus
307 3346 369 3391 una
384 3331 471 3407 quies
486 3344 622 3404 operum,
640 3328 729 3389 labor
742 3326 883 3389 omnibus
897 3342 992 3387 uuus=

147 3414 236 3476 Mane
249 3420 341 3475 ruunt
354 3415 461 3491 pertis,
477 3428 631 3488 nusquam
644 3428 747 3483 mera,
768 3428 874 3473 rursus
890 3408 1016 3471 easdem
1046 3419 1100 3475 1115
