<?xml version="1.0" encoding="UTF-8"?>
<!DOCTYPE html PUBLIC "-//W3C//DTD XHTML 1.0 Transitional//EN"
    "http://www.w3.org/TR/xhtml1/DTD/xhtml1-transitional.dtd">
<html xmlns="http://www.w3.org/1999/xhtml" xml:lang="en" lang="en">
 <head>
  <title>
</title>
<meta http-equiv="Content-Type" content="text/html;charset=utf-8" />
  <meta name='ocr-system' content='tesseract 3.04.00' />
  <meta name='ocr-capabilities' content='ocr_page ocr_carea ocr_par ocr_line ocrx_word'/>
</head>
<body>
  <div class='ocr_page' id='page_1' title='image "./pvirgiliimaroni11virggoog/pvirgiliimaroni11virggoog_0111.png"; bbox 0 0 2326 3780; ppageno 0'>
   <div class='ocr_carea' id='block_1_1' title="bbox 114 170 791 259">
    <p class='ocr_par' dir='ltr' id='par_1_1' title="bbox 114 170 791 259">
     <span class='ocr_line' id='line_1_1' title="bbox 114 170 791 259; baseline -0.015 0"><span class='ocrx_word' id='word_1_1' title='bbox 114 192 154 259; x_wconf 82' lang='lat' dir='ltr'><strong>lo</strong></span> <span class='ocrx_word' id='word_1_2' title='bbox 358 170 415 251; x_wconf 78' lang='grc' dir='ltr'><strong>Ῥ.</strong></span> <span class='ocrx_word' id='word_1_3' title='bbox 436 188 597 249; x_wconf 80' lang='lat' dir='ltr'><strong>mnoruu</strong></span> <span class='ocrx_word' id='word_1_4' title='bbox 616 187 791 249; x_wconf 67' lang='lat' dir='ltr'><strong>monis</strong></span> 
     </span>
    </p>
   </div>
   <div class='ocr_carea' id='block_1_2' title="bbox 92 342 1113 3361">
    <p class='ocr_par' dir='ltr' id='par_1_2' title="bbox 113 342 842 425">
     <span class='ocr_line' id='line_1_2' title="bbox 113 342 842 425; baseline -0.01 -17"><span class='ocrx_word' id='word_1_5' title='bbox 113 346 172 425; x_wconf 78' lang='lat' dir='ltr'><strong>„et</strong></span> <span class='ocrx_word' id='word_1_6' title='bbox 185 360 281 419; x_wconf 83' lang='lat' dir='ltr'><strong>saepe</strong></span> <span class='ocrx_word' id='word_1_7' title='bbox 295 342 325 403; x_wconf 95' lang='lat' dir='ltr'><strong>in</strong></span> <span class='ocrx_word' id='word_1_8' title='bbox 340 342 400 401; x_wconf 88' lang='lat' dir='ltr'><strong>levi</strong></span> <span class='ocrx_word' id='word_1_9' title='bbox 414 342 589 417; x_wconf 78' lang='lat' dir='ltr'><strong>quaesisset</strong></span> <span class='ocrx_word' id='word_1_10' title='bbox 602 356 717 401; x_wconf 88' lang='lat' dir='ltr'><strong>cornua</strong></span> <span class='ocrx_word' id='word_1_11' title='bbox 732 342 842 401; x_wconf 79' lang='lat' dir='ltr'><strong>fronte.</strong></span> 
     </span>
    </p>

    <p class='ocr_par' dir='ltr' id='par_1_3' title="bbox 114 424 899 507">
     <span class='ocr_line' id='line_1_3' title="bbox 114 424 899 507; baseline -0.001 -16"><span class='ocrx_word' id='word_1_12' title='bbox 114 432 193 507; x_wconf 68' lang='lat' dir='ltr'><strong>„lllg</strong></span> <span class='ocrx_word' id='word_1_13' title='bbox 210 430 294 503; x_wconf 81' lang='lat' dir='ltr'><strong>virgo</strong></span> <span class='ocrx_word' id='word_1_14' title='bbox 310 426 424 499; x_wconf 88' lang='lat' dir='ltr'><strong>inlelix,</strong></span> <span class='ocrx_word' id='word_1_15' title='bbox 439 432 471 485; x_wconf 88' lang='lat' dir='ltr'><strong>to</strong></span> <span class='ocrx_word' id='word_1_16' title='bbox 485 441 566 485; x_wconf 91' lang='lat' dir='ltr'><strong>nunc</strong></span> <span class='ocrx_word' id='word_1_17' title='bbox 579 425 609 483; x_wconf 94' lang='lat' dir='ltr'><strong>in</strong></span> <span class='ocrx_word' id='word_1_18' title='bbox 624 424 776 485; x_wconf 87' lang='lat' dir='ltr'><strong>montibus</strong></span> <span class='ocrx_word' id='word_1_19' title='bbox 790 442 899 500; x_wconf 83' lang='lat' dir='ltr'><strong>erras;</strong></span> 
     </span>
    </p>

    <p class='ocr_par' dir='ltr' id='par_1_4' title="bbox 114 509 823 591">
     <span class='ocr_line' id='line_1_4' title="bbox 114 509 823 591; baseline -0.01 -16"><span class='ocrx_word' id='word_1_20' title='bbox 114 516 198 591; x_wconf 87' lang='lat' dir='ltr'><strong>„lite,</strong></span> <span class='ocrx_word' id='word_1_21' title='bbox 214 514 291 573; x_wconf 75' lang='lat' dir='ltr'><strong>lucre</strong></span> <span class='ocrx_word' id='word_1_22' title='bbox 306 512 428 571; x_wconf 90' lang='lat' dir='ltr'><strong>niveum</strong></span> <span class='ocrx_word' id='word_1_23' title='bbox 442 509 525 569; x_wconf 94' lang='lat' dir='ltr'><strong>molli</strong></span> <span class='ocrx_word' id='word_1_24' title='bbox 540 510 632 569; x_wconf 86' lang='lat' dir='ltr'><strong>lullus</strong></span> <span class='ocrx_word' id='word_1_25' title='bbox 647 509 823 585; x_wconf 86' lang='lat' dir='ltr'><strong>hyacintho,</strong></span> 
     </span>
    </p>

    <p class='ocr_par' dir='ltr' id='par_1_5' title="bbox 113 593 1070 1010">
     <span class='ocr_line' id='line_1_5' title="bbox 113 593 1067 677; baseline -0.006 -18"><span class='ocrx_word' id='word_1_26' title='bbox 113 598 208 675; x_wconf 81' lang='lat' dir='ltr'><strong>„llice</strong></span> <span class='ocrx_word' id='word_1_27' title='bbox 222 596 280 657; x_wconf 70' lang='lat' dir='ltr'><strong>eol»</strong></span> <span class='ocrx_word' id='word_1_28' title='bbox 295 596 382 671; x_wconf 80' lang='lat' dir='ltr'><strong>nigra</strong></span> <span class='ocrx_word' id='word_1_29' title='bbox 394 594 544 669; x_wconf 88' lang='lat' dir='ltr'><strong>pallentes</strong></span> <span class='ocrx_word' id='word_1_30' title='bbox 558 593 687 653; x_wconf 91' lang='lat' dir='ltr'><strong>ruminat</strong></span> <span class='ocrx_word' id='word_1_31' title='bbox 701 594 822 665; x_wconf 86' lang='lat' dir='ltr'><strong>herbas,</strong></span> <span class='ocrx_word' id='word_1_32' title='bbox 977 601 1067 677; x_wconf 56' lang='lat' dir='ltr'><strong>[phac</strong></span> 
     </span>
     <span class='ocr_line' id='line_1_6' title="bbox 113 677 1068 763; baseline 0.003 -21"><span class='ocrx_word' id='word_1_33' title='bbox 113 684 197 761; x_wconf 78' lang='lat' dir='ltr'><strong>„dut</strong></span> <span class='ocrx_word' id='word_1_34' title='bbox 209 680 342 757; x_wconf 84' lang='lat' dir='ltr'><strong>aliquam</strong></span> <span class='ocrx_word' id='word_1_35' title='bbox 358 678 388 737; x_wconf 96' lang='lat' dir='ltr'><strong>in</strong></span> <span class='ocrx_word' id='word_1_36' title='bbox 402 692 512 751; x_wconf 75' lang='lat' dir='ltr'><strong>magno</strong></span> <span class='ocrx_word' id='word_1_37' title='bbox 529 677 666 752; x_wconf 83' lang='lat' dir='ltr'><strong>sequitur</strong></span> <span class='ocrx_word' id='word_1_38' title='bbox 678 690 782 753; x_wconf 84' lang='lat' dir='ltr'><strong>grege.</strong></span> <span class='ocrx_word' id='word_1_39' title='bbox 813 677 973 759; x_wconf 82' lang='lat' dir='ltr'><strong>claudite,</strong></span> <span class='ocrx_word' id='word_1_40' title='bbox 988 687 1068 763; x_wconf 78' lang='lat' dir='ltr'><strong>llyn·</strong></span> 
     </span>
     <span class='ocr_line' id='line_1_7' title="bbox 113 760 1070 843; baseline 0.001 -18"><span class='ocrx_word' id='word_1_41' title='bbox 113 764 280 843; x_wconf 80' lang='lat' dir='ltr'><strong>„llleereae</strong></span> <span class='ocrx_word' id='word_1_42' title='bbox 292 760 461 839; x_wconf 83' lang='lat' dir='ltr'><strong>Nymphae,</strong></span> <span class='ocrx_word' id='word_1_43' title='bbox 479 778 636 822; x_wconf 89' lang='lat' dir='ltr'><strong>nemorum</strong></span> <span class='ocrx_word' id='word_1_44' title='bbox 649 762 709 821; x_wconf 85' lang='lat' dir='ltr'><strong>iam</strong></span> <span class='ocrx_word' id='word_1_45' title='bbox 715 762 848 822; x_wconf 80' lang='lat' dir='ltr'>claudite</span> <span class='ocrx_word' id='word_1_46' title='bbox 863 767 981 831; x_wconf 85' lang='lat' dir='ltr'><strong>saltus.</strong></span> <span class='ocrx_word' id='word_1_47' title='bbox 1043 777 1070 831; x_wconf 78' lang='lat' dir='ltr'><strong>st</strong></span> 
     </span>
     <span class='ocr_line' id='line_1_8' title="bbox 114 844 885 927; baseline -0.004 -16"><span class='ocrx_word' id='word_1_48' title='bbox 114 850 168 927; x_wconf 79' lang='lat' dir='ltr'><strong>„lli</strong></span> <span class='ocrx_word' id='word_1_49' title='bbox 185 864 247 927; x_wconf 79' lang='lat' dir='ltr'><strong>qua</strong></span> <span class='ocrx_word' id='word_1_50' title='bbox 260 848 338 907; x_wconf 72' lang='lat' dir='ltr'><strong>lclrte</strong></span> <span class='ocrx_word' id='word_1_51' title='bbox 353 846 450 905; x_wconf 88' lang='lat' dir='ltr'><strong>lerant</strong></span> <span class='ocrx_word' id='word_1_52' title='bbox 462 846 560 906; x_wconf 74' lang='lat' dir='ltr'><strong>cerdis</strong></span> <span class='ocrx_word' id='word_1_53' title='bbox 574 860 646 905; x_wconf 89' lang='lat' dir='ltr'><strong>sese</strong></span> <span class='ocrx_word' id='word_1_54' title='bbox 661 844 753 905; x_wconf 88' lang='lat' dir='ltr'><strong>obvia</strong></span> <span class='ocrx_word' id='word_1_55' title='bbox 766 848 885 908; x_wconf 85' lang='lat' dir='ltr'><strong>nostris</strong></span> 
     </span>
     <span class='ocr_line' id='line_1_9' title="bbox 114 928 834 1010; baseline -0.008 -15"><span class='ocrx_word' id='word_1_56' title='bbox 114 932 316 1010; x_wconf 70' lang='lat' dir='ltr'><strong>„lirrnlrunuu</strong></span> <span class='ocrx_word' id='word_1_57' title='bbox 329 928 419 989; x_wconf 88' lang='lat' dir='ltr'><strong>bovis</strong></span> <span class='ocrx_word' id='word_1_58' title='bbox 434 930 578 1005; x_wconf 76' lang='lat' dir='ltr'><strong>vestigia3</strong></span> <span class='ocrx_word' id='word_1_59' title='bbox 601 930 728 989; x_wconf 77' lang='lat' dir='ltr'><strong>forsitan</strong></span> <span class='ocrx_word' id='word_1_60' title='bbox 742 930 834 1004; x_wconf 91' lang='lat' dir='ltr'><strong>illum,</strong></span> 
     </span>
    </p>

    <p class='ocr_par' dir='ltr' id='par_1_6' title="bbox 113 1014 1113 1258">
     <span class='ocr_line' id='line_1_10' title="bbox 114 1014 928 1099; baseline -0.001 -22"><span class='ocrx_word' id='word_1_61' title='bbox 114 1022 198 1099; x_wconf 79' lang='lat' dir='ltr'><strong>„nin</strong></span> <span class='ocrx_word' id='word_1_62' title='bbox 211 1014 306 1075; x_wconf 80' lang='lat' dir='ltr'><strong>herta</strong></span> <span class='ocrx_word' id='word_1_63' title='bbox 321 1021 442 1089; x_wconf 90' lang='lat' dir='ltr'><strong>ceptum</strong></span> <span class='ocrx_word' id='word_1_64' title='bbox 456 1014 546 1074; x_wconf 89' lang='lat' dir='ltr'><strong>viridi</strong></span> <span class='ocrx_word' id='word_1_65' title='bbox 559 1019 613 1073; x_wconf 90' lang='lat' dir='ltr'><strong>aut</strong></span> <span class='ocrx_word' id='word_1_66' title='bbox 625 1020 762 1074; x_wconf 87' lang='lat' dir='ltr'><strong>armenta</strong></span> <span class='ocrx_word' id='word_1_67' title='bbox 775 1021 928 1091; x_wconf 87' lang='lat' dir='ltr'><strong>secutum,</strong></span> 
     </span>
     <span class='ocr_line' id='line_1_11' title="bbox 114 1097 1113 1175; baseline 0.003 -16"><span class='ocrx_word' id='word_1_68' title='bbox 114 1100 307 1175; x_wconf 80' lang='lat' dir='ltr'><strong>„l’erclueuul</strong></span> <span class='ocrx_word' id='word_1_69' title='bbox 320 1098 441 1173; x_wconf 84' lang='lat' dir='ltr'><strong>aliquae</strong></span> <span class='ocrx_word' id='word_1_70' title='bbox 455 1098 576 1159; x_wconf 86' lang='lat' dir='ltr'><strong>stabula</strong></span> <span class='ocrx_word' id='word_1_71' title='bbox 588 1098 629 1157; x_wconf 89' lang='lat' dir='ltr'><strong>ad</strong></span> <span class='ocrx_word' id='word_1_72' title='bbox 643 1097 791 1174; x_wconf 80' lang='lat' dir='ltr'><strong>Gortynia</strong></span> <span class='ocrx_word' id='word_1_73' title='bbox 802 1112 960 1162; x_wconf 84' lang='lat' dir='ltr'><strong>vaccae.“</strong></span> <span class='ocrx_word' id='word_1_74' title='bbox 1044 1114 1071 1169; x_wconf 80' lang='lat' dir='ltr'><strong>so</strong></span> <span class='ocrx_word' id='word_1_75' title='bbox 1102 1106 1113 1141; x_wconf 92' lang='grc'><strong>-“</strong></span> 
     </span>
     <span class='ocr_line' id='line_1_12' title="bbox 113 1182 911 1258; baseline 0.003 -15"><span class='ocrx_word' id='word_1_76' title='bbox 113 1184 187 1243; x_wconf 88' lang='lat' dir='ltr'><strong>&#39;lum</strong></span> <span class='ocrx_word' id='word_1_77' title='bbox 204 1182 284 1243; x_wconf 83' lang='lat' dir='ltr'><strong>euml</strong></span> <span class='ocrx_word' id='word_1_78' title='bbox 297 1182 500 1257; x_wconf 76' lang='lat' dir='ltr'><strong>Hesperidum</strong></span> <span class='ocrx_word' id='word_1_79' title='bbox 514 1182 651 1242; x_wconf 87' lang='lat' dir='ltr'><strong>miratam</strong></span> <span class='ocrx_word' id='word_1_80' title='bbox 664 1184 745 1247; x_wconf 85' lang='lat' dir='ltr'><strong>mula</strong></span> <span class='ocrx_word' id='word_1_81' title='bbox 758 1183 911 1258; x_wconf 77' lang='lat' dir='ltr'><strong>puellam3</strong></span> 
     </span>
    </p>

    <p class='ocr_par' dir='ltr' id='par_1_7' title="bbox 113 1266 900 1327">
     <span class='ocr_line' id='line_1_13' title="bbox 113 1266 900 1327; baseline 0 0"><span class='ocrx_word' id='word_1_82' title='bbox 113 1268 187 1327; x_wconf 82' lang='lat' dir='ltr'><strong>&#39;lum</strong></span> <span class='ocrx_word' id='word_1_83' title='bbox 203 1266 458 1327; x_wconf 80' lang='lat' dir='ltr'><strong>l’lmiitlrontiadus</strong></span> <span class='ocrx_word' id='word_1_84' title='bbox 473 1282 579 1327; x_wconf 90' lang='lat' dir='ltr'><strong>musco</strong></span> <span class='ocrx_word' id='word_1_85' title='bbox 594 1267 760 1327; x_wconf 87' lang='lat' dir='ltr'><strong>circumdat</strong></span> <span class='ocrx_word' id='word_1_86' title='bbox 774 1282 900 1327; x_wconf 85' lang='lat' dir='ltr'><strong>amarae</strong></span> 
     </span>
    </p>

    <p class='ocr_par' dir='ltr' id='par_1_8' title="bbox 115 1350 821 1427">
     <span class='ocr_line' id='line_1_14' title="bbox 115 1350 821 1427; baseline -0.004 -16"><span class='ocrx_word' id='word_1_87' title='bbox 115 1350 252 1423; x_wconf 68' lang='lat' dir='ltr'><strong>clreicis,</strong></span> <span class='ocrx_word' id='word_1_88' title='bbox 268 1358 360 1427; x_wconf 68' lang='lat' dir='ltr'><strong>aitque</strong></span> <span class='ocrx_word' id='word_1_89' title='bbox 375 1352 443 1413; x_wconf 86' lang='lat' dir='ltr'><strong>selo</strong></span> <span class='ocrx_word' id='word_1_90' title='bbox 457 1366 603 1427; x_wconf 86' lang='lat' dir='ltr'><strong>proceras</strong></span> <span class='ocrx_word' id='word_1_91' title='bbox 618 1351 706 1425; x_wconf 78' lang='lat' dir='ltr'><strong>erigit</strong></span> <span class='ocrx_word' id='word_1_92' title='bbox 722 1350 821 1409; x_wconf 85' lang='lat' dir='ltr'><strong>alnos.</strong></span> 
     </span>
    </p>

    <p class='ocr_par' dir='ltr' id='par_1_9' title="bbox 115 1433 1072 1680">
     <span class='ocr_line' id='line_1_15' title="bbox 115 1433 961 1509; baseline 0.005 -16"><span class='ocrx_word' id='word_1_93' title='bbox 115 1434 188 1493; x_wconf 86' lang='lat' dir='ltr'><strong>l&#39;um</strong></span> <span class='ocrx_word' id='word_1_94' title='bbox 206 1435 295 1509; x_wconf 66' lang='lat' dir='ltr'><strong>estitit,</strong></span> <span class='ocrx_word' id='word_1_95' title='bbox 311 1442 462 1497; x_wconf 84' lang='lat' dir='ltr'><strong>errantem</strong></span> <span class='ocrx_word' id='word_1_96' title='bbox 474 1434 626 1495; x_wconf 82' lang='lat' dir='ltr'><strong>Permessi</strong></span> <span class='ocrx_word' id='word_1_97' title='bbox 640 1435 681 1494; x_wconf 87' lang='lat' dir='ltr'><strong>ad</strong></span> <span class='ocrx_word' id='word_1_98' title='bbox 694 1433 821 1495; x_wconf 85' lang='lat' dir='ltr'><strong>flumina</strong></span> <span class='ocrx_word' id='word_1_99' title='bbox 834 1434 961 1497; x_wconf 88' lang='lat' dir='ltr'><strong>Gallum</strong></span> 
     </span>
     <span class='ocr_line' id='line_1_16' title="bbox 115 1518 1072 1591; baseline 0.003 -12"><span class='ocrx_word' id='word_1_100' title='bbox 115 1522 222 1579; x_wconf 73' lang='lat' dir='ltr'><strong>nitrias</strong></span> <span class='ocrx_word' id='word_1_101' title='bbox 237 1518 266 1579; x_wconf 93' lang='lat' dir='ltr'><strong>iu</strong></span> <span class='ocrx_word' id='word_1_102' title='bbox 282 1526 401 1581; x_wconf 88' lang='lat' dir='ltr'><strong>montes</strong></span> <span class='ocrx_word' id='word_1_103' title='bbox 415 1526 448 1580; x_wconf 89' lang='lat' dir='ltr'><strong>ut</strong></span> <span class='ocrx_word' id='word_1_104' title='bbox 462 1518 582 1579; x_wconf 87' lang='lat' dir='ltr'><strong>duxerit</strong></span> <span class='ocrx_word' id='word_1_105' title='bbox 595 1535 655 1577; x_wconf 90' lang='lat' dir='ltr'><strong>una</strong></span> <span class='ocrx_word' id='word_1_106' title='bbox 670 1533 819 1591; x_wconf 81' lang='lat' dir='ltr'><strong>soronun,</strong></span> <span class='ocrx_word' id='word_1_107' title='bbox 842 1572 847 1583; x_wconf 84' lang='lat'>.</span> <span class='ocrx_word' id='word_1_108' title='bbox 1044 1532 1072 1585; x_wconf 80' lang='lat' dir='ltr'><strong>st</strong></span> 
     </span>
     <span class='ocr_line' id='line_1_17' title="bbox 118 1602 903 1680; baseline 0.005 -21"><span class='ocrx_word' id='word_1_109' title='bbox 118 1604 215 1680; x_wconf 81' lang='lat' dir='ltr'><strong>litque</strong></span> <span class='ocrx_word' id='word_1_110' title='bbox 230 1602 295 1664; x_wconf 90' lang='lat' dir='ltr'><strong>viro</strong></span> <span class='ocrx_word' id='word_1_111' title='bbox 309 1602 423 1664; x_wconf 85' lang='lat' dir='ltr'><strong>Phoebi</strong></span> <span class='ocrx_word' id='word_1_112' title='bbox 439 1604 551 1663; x_wconf 88' lang='lat' dir='ltr'><strong>elrorus</strong></span> <span class='ocrx_word' id='word_1_113' title='bbox 565 1602 772 1662; x_wconf 86' lang='lat' dir='ltr'><strong>adsurrexerit</strong></span> <span class='ocrx_word' id='word_1_114' title='bbox 786 1603 903 1674; x_wconf 88' lang='lat' dir='ltr'><strong>omnis;</strong></span> 
     </span>
    </p>

    <p class='ocr_par' dir='ltr' id='par_1_10' title="bbox 117 1686 805 1762">
     <span class='ocr_line' id='line_1_18' title="bbox 117 1686 805 1762; baseline 0.001 -18"><span class='ocrx_word' id='word_1_115' title='bbox 117 1688 153 1745; x_wconf 94' lang='lat' dir='ltr'><strong>llt</strong></span> <span class='ocrx_word' id='word_1_116' title='bbox 168 1688 260 1747; x_wconf 57' lang='lat' dir='ltr'><strong>liinus</strong></span> <span class='ocrx_word' id='word_1_117' title='bbox 276 1688 352 1748; x_wconf 88' lang='lat' dir='ltr'><strong>haec</strong></span> <span class='ocrx_word' id='word_1_118' title='bbox 368 1688 410 1747; x_wconf 91' lang='lat' dir='ltr'><strong>illi</strong></span> <span class='ocrx_word' id='word_1_119' title='bbox 425 1687 529 1747; x_wconf 88' lang='lat' dir='ltr'><strong>divino</strong></span> <span class='ocrx_word' id='word_1_120' title='bbox 545 1686 677 1747; x_wconf 87' lang='lat' dir='ltr'><strong>carmine</strong></span> <span class='ocrx_word' id='word_1_121' title='bbox 692 1693 805 1762; x_wconf 84' lang='lat' dir='ltr'><strong>pastor,</strong></span> 
     </span>
    </p>

    <p class='ocr_par' dir='ltr' id='par_1_11' title="bbox 113 1770 829 1849">
     <span class='ocr_line' id='line_1_19' title="bbox 113 1770 829 1849; baseline -0.001 -18"><span class='ocrx_word' id='word_1_122' title='bbox 113 1770 254 1833; x_wconf 85' lang='lat' dir='ltr'><strong>Florilms</strong></span> <span class='ocrx_word' id='word_1_123' title='bbox 269 1780 361 1847; x_wconf 82' lang='lat' dir='ltr'><strong>atque</strong></span> <span class='ocrx_word' id='word_1_124' title='bbox 375 1772 446 1849; x_wconf 91' lang='lat' dir='ltr'><strong>apio</strong></span> <span class='ocrx_word' id='word_1_125' title='bbox 463 1771 562 1831; x_wconf 88' lang='lat' dir='ltr'><strong>crines</strong></span> <span class='ocrx_word' id='word_1_126' title='bbox 579 1779 701 1831; x_wconf 86' lang='lat' dir='ltr'><strong>amatus</strong></span> <span class='ocrx_word' id='word_1_127' title='bbox 716 1787 829 1845; x_wconf 86' lang='lat' dir='ltr'><strong>amaro,</strong></span> 
     </span>
    </p>

    <p class='ocr_par' dir='ltr' id='par_1_12' title="bbox 114 1854 1072 2101">
     <span class='ocr_line' id='line_1_20' title="bbox 115 1854 965 1930; baseline 0.006 -17"><span class='ocrx_word' id='word_1_128' title='bbox 115 1854 231 1917; x_wconf 82' lang='lat' dir='ltr'><strong>ltixerit</strong></span> <span class='ocrx_word' id='word_1_129' title='bbox 245 1856 331 1930; x_wconf 89' lang='lat' dir='ltr'><strong>„llos</strong></span> <span class='ocrx_word' id='word_1_130' title='bbox 345 1856 399 1916; x_wconf 90' lang='lat' dir='ltr'><strong>libi</strong></span> <span class='ocrx_word' id='word_1_131' title='bbox 414 1856 488 1915; x_wconf 90' lang='lat' dir='ltr'><strong>dant</strong></span> <span class='ocrx_word' id='word_1_132' title='bbox 501 1856 645 1928; x_wconf 87' lang='lat' dir='ltr'><strong>calamos,</strong></span> <span class='ocrx_word' id='word_1_133' title='bbox 661 1870 699 1915; x_wconf 91' lang='lat' dir='ltr'><strong>en</strong></span> <span class='ocrx_word' id='word_1_134' title='bbox 714 1856 829 1930; x_wconf 86' lang='lat' dir='ltr'><strong>accipe,</strong></span> <span class='ocrx_word' id='word_1_135' title='bbox 842 1854 965 1929; x_wconf 86' lang='lat' dir='ltr'><strong>Musae,</strong></span> 
     </span>
     <span class='ocr_line' id='line_1_21' title="bbox 115 1937 1072 2016; baseline 0.002 -15"><span class='ocrx_word' id='word_1_136' title='bbox 115 1944 272 2014; x_wconf 59' lang='lat' dir='ltr'><strong>,Alcmaeo</strong></span> <span class='ocrx_word' id='word_1_137' title='bbox 289 1958 368 2016; x_wconf 89' lang='lat' dir='ltr'><strong>quos</strong></span> <span class='ocrx_word' id='word_1_138' title='bbox 382 1947 453 2001; x_wconf 87' lang='lat' dir='ltr'><strong>ante</strong></span> <span class='ocrx_word' id='word_1_139' title='bbox 466 1938 541 2009; x_wconf 87' lang='lat' dir='ltr'><strong>seni,</strong></span> <span class='ocrx_word' id='word_1_140' title='bbox 560 1937 669 2012; x_wconf 90' lang='lat' dir='ltr'><strong>quibus</strong></span> <span class='ocrx_word' id='word_1_141' title='bbox 684 1939 734 1998; x_wconf 93' lang='lat' dir='ltr'><strong>ille</strong></span> <span class='ocrx_word' id='word_1_142' title='bbox 749 1939 869 2000; x_wconf 88' lang='lat' dir='ltr'><strong>solebat</strong></span> <span class='ocrx_word' id='word_1_143' title='bbox 1044 1954 1072 2006; x_wconf 76' lang='grc' dir='ltr'><strong>το</strong></span> 
     </span>
     <span class='ocr_line' id='line_1_22' title="bbox 114 2022 876 2101; baseline -0.001 -18"><span class='ocrx_word' id='word_1_144' title='bbox 114 2024 291 2101; x_wconf 79' lang='lat' dir='ltr'><strong>„Cantando</strong></span> <span class='ocrx_word' id='word_1_145' title='bbox 307 2024 421 2099; x_wconf 84' lang='lat' dir='ltr'><strong>rigidus</strong></span> <span class='ocrx_word' id='word_1_146' title='bbox 436 2022 591 2082; x_wconf 89' lang='lat' dir='ltr'><strong>deducere</strong></span> <span class='ocrx_word' id='word_1_147' title='bbox 604 2022 756 2083; x_wconf 89' lang='lat' dir='ltr'><strong>montibus</strong></span> <span class='ocrx_word' id='word_1_148' title='bbox 772 2038 876 2083; x_wconf 92' lang='lat' dir='ltr'><strong>ornos.</strong></span> 
     </span>
    </p>

    <p class='ocr_par' dir='ltr' id='par_1_13' title="bbox 115 2104 777 2185">
     <span class='ocr_line' id='line_1_23' title="bbox 115 2104 777 2185; baseline 0.002 -18"><span class='ocrx_word' id='word_1_149' title='bbox 115 2108 189 2183; x_wconf 87' lang='lat' dir='ltr'><strong>„lliu</strong></span> <span class='ocrx_word' id='word_1_150' title='bbox 203 2108 256 2168; x_wconf 83' lang='lat' dir='ltr'><strong>tibi</strong></span> <span class='ocrx_word' id='word_1_151' title='bbox 274 2108 386 2185; x_wconf 80' lang='lat' dir='ltr'><strong>Grynei</strong></span> <span class='ocrx_word' id='word_1_152' title='bbox 401 2105 534 2167; x_wconf 89' lang='lat' dir='ltr'><strong>nemoris</strong></span> <span class='ocrx_word' id='word_1_153' title='bbox 549 2104 668 2165; x_wconf 82' lang='lat' dir='ltr'><strong>dicatur</strong></span> <span class='ocrx_word' id='word_1_154' title='bbox 681 2108 777 2183; x_wconf 86' lang='lat' dir='ltr'><strong>origo,</strong></span> 
     </span>
    </p>

    <p class='ocr_par' dir='ltr' id='par_1_14' title="bbox 114 2189 904 2268">
     <span class='ocr_line' id='line_1_24' title="bbox 114 2189 904 2268; baseline 0.001 -17"><span class='ocrx_word' id='word_1_155' title='bbox 114 2192 178 2265; x_wconf 79' lang='lat' dir='ltr'><strong>„lie</strong></span> <span class='ocrx_word' id='word_1_156' title='bbox 194 2192 263 2268; x_wconf 85' lang='lat' dir='ltr'><strong>quis</strong></span> <span class='ocrx_word' id='word_1_157' title='bbox 279 2193 319 2253; x_wconf 88' lang='lat' dir='ltr'><strong>sit</strong></span> <span class='ocrx_word' id='word_1_158' title='bbox 331 2192 427 2263; x_wconf 90' lang='lat' dir='ltr'><strong>lucus,</strong></span> <span class='ocrx_word' id='word_1_159' title='bbox 447 2203 509 2263; x_wconf 88' lang='lat' dir='ltr'><strong>quo</strong></span> <span class='ocrx_word' id='word_1_160' title='bbox 525 2205 560 2249; x_wconf 89' lang='lat' dir='ltr'><strong>se</strong></span> <span class='ocrx_word' id='word_1_161' title='bbox 574 2189 643 2265; x_wconf 93' lang='lat' dir='ltr'><strong>plus</strong></span> <span class='ocrx_word' id='word_1_162' title='bbox 658 2191 748 2251; x_wconf 87' lang='lat' dir='ltr'><strong>iactet</strong></span> <span class='ocrx_word' id='word_1_163' title='bbox 761 2192 904 2267; x_wconf 82' lang='lat' dir='ltr'><strong>Apollo.“</strong></span> 
     </span>
    </p>

    <p class='ocr_par' dir='ltr' id='par_1_15' title="bbox 115 2270 1071 2518">
     <span class='ocr_line' id='line_1_25' title="bbox 115 2270 1007 2351; baseline 0.011 -19"><span class='ocrx_word' id='word_1_164' title='bbox 115 2276 191 2349; x_wconf 74' lang='lat' dir='ltr'><strong>Quid</strong></span> <span class='ocrx_word' id='word_1_165' title='bbox 208 2278 317 2351; x_wconf 86' lang='lat' dir='ltr'><strong>loquar</strong></span> <span class='ocrx_word' id='word_1_166' title='bbox 330 2280 382 2334; x_wconf 92' lang='lat' dir='ltr'><strong>aut</strong></span> <span class='ocrx_word' id='word_1_167' title='bbox 396 2270 530 2348; x_wconf 82' lang='lat' dir='ltr'><strong>Scyllam</strong></span> <span class='ocrx_word' id='word_1_168' title='bbox 544 2272 618 2347; x_wconf 87' lang='lat' dir='ltr'><strong>Nisi,</strong></span> <span class='ocrx_word' id='word_1_169' title='bbox 633 2292 724 2350; x_wconf 86' lang='lat' dir='ltr'><strong>quam</strong></span> <span class='ocrx_word' id='word_1_170' title='bbox 737 2278 818 2335; x_wconf 88' lang='lat' dir='ltr'><strong>lama</strong></span> <span class='ocrx_word' id='word_1_171' title='bbox 832 2285 941 2336; x_wconf 85' lang='lat' dir='ltr'><strong>secuta</strong></span> <span class='ocrx_word' id='word_1_172' title='bbox 955 2290 1007 2341; x_wconf 88' lang='lat' dir='ltr'><strong>est</strong></span> 
     </span>
     <span class='ocr_line' id='line_1_26' title="bbox 117 2357 1071 2433; baseline 0.01 -18"><span class='ocrx_word' id='word_1_173' title='bbox 117 2360 256 2420; x_wconf 77' lang='lat' dir='ltr'><strong>Candida</strong></span> <span class='ocrx_word' id='word_1_174' title='bbox 269 2357 456 2419; x_wconf 81' lang='lat' dir='ltr'><strong>succinctam</strong></span> <span class='ocrx_word' id='word_1_175' title='bbox 470 2357 648 2419; x_wconf 84' lang='lat' dir='ltr'><strong>latrantibus</strong></span> <span class='ocrx_word' id='word_1_176' title='bbox 662 2360 786 2433; x_wconf 76' lang='lat' dir='ltr'><strong>inguina</strong></span> <span class='ocrx_word' id='word_1_177' title='bbox 799 2362 946 2422; x_wconf 89' lang='lat' dir='ltr'><strong>monstris</strong></span> <span class='ocrx_word' id='word_1_178' title='bbox 1042 2374 1071 2429; x_wconf 74' lang='lat' dir='ltr'><strong>ts</strong></span> 
     </span>
     <span class='ocr_line' id='line_1_27' title="bbox 117 2444 822 2518; baseline 0 -15"><span class='ocrx_word' id='word_1_179' title='bbox 117 2444 270 2505; x_wconf 86' lang='lat' dir='ltr'><strong>ltulichias</strong></span> <span class='ocrx_word' id='word_1_180' title='bbox 284 2456 419 2501; x_wconf 85' lang='lat' dir='ltr'><strong>vexasse</strong></span> <span class='ocrx_word' id='word_1_181' title='bbox 432 2448 524 2514; x_wconf 84' lang='lat' dir='ltr'><strong>rates,</strong></span> <span class='ocrx_word' id='word_1_182' title='bbox 540 2450 571 2503; x_wconf 88' lang='lat' dir='ltr'><strong>et</strong></span> <span class='ocrx_word' id='word_1_183' title='bbox 584 2445 702 2518; x_wconf 80' lang='lat' dir='ltr'><strong>gurgite</strong></span> <span class='ocrx_word' id='word_1_184' title='bbox 715 2444 745 2501; x_wconf 94' lang='lat' dir='ltr'><strong>in</strong></span> <span class='ocrx_word' id='word_1_185' title='bbox 760 2444 822 2503; x_wconf 84' lang='lat' dir='ltr'><strong>ulto</strong></span> 
     </span>
    </p>

    <p class='ocr_par' dir='ltr' id='par_1_16' title="bbox 114 2526 900 2601">
     <span class='ocr_line' id='line_1_28' title="bbox 114 2526 900 2601; baseline 0.001 -14"><span class='ocrx_word' id='word_1_186' title='bbox 114 2528 173 2601; x_wconf 84' lang='lat' dir='ltr'><strong>All,</strong></span> <span class='ocrx_word' id='word_1_187' title='bbox 187 2526 311 2587; x_wconf 90' lang='lat' dir='ltr'><strong>timidos</strong></span> <span class='ocrx_word' id='word_1_188' title='bbox 325 2530 434 2584; x_wconf 84' lang='lat' dir='ltr'><strong>nautas</strong></span> <span class='ocrx_word' id='word_1_189' title='bbox 449 2526 576 2587; x_wconf 88' lang='lat' dir='ltr'><strong>canibus</strong></span> <span class='ocrx_word' id='word_1_190' title='bbox 592 2528 745 2588; x_wconf 82' lang='lat' dir='ltr'><strong>lacerasse</strong></span> <span class='ocrx_word' id='word_1_191' title='bbox 759 2526 900 2598; x_wconf 87' lang='lat' dir='ltr'><strong>marinis;</strong></span> 
     </span>
    </p>

    <p class='ocr_par' dir='ltr' id='par_1_17' title="bbox 114 2608 757 2673">
     <span class='ocr_line' id='line_1_29' title="bbox 114 2608 757 2673; baseline -0.006 -2"><span class='ocrx_word' id='word_1_192' title='bbox 114 2613 177 2673; x_wconf 81' lang='lat' dir='ltr'><strong>Aut</strong></span> <span class='ocrx_word' id='word_1_193' title='bbox 190 2617 223 2671; x_wconf 91' lang='lat' dir='ltr'><strong>ut</strong></span> <span class='ocrx_word' id='word_1_194' title='bbox 235 2612 367 2668; x_wconf 89' lang='lat' dir='ltr'><strong>mutatos</strong></span> <span class='ocrx_word' id='word_1_195' title='bbox 380 2608 466 2669; x_wconf 81' lang='lat' dir='ltr'><strong>Terei</strong></span> <span class='ocrx_word' id='word_1_196' title='bbox 480 2612 647 2671; x_wconf 86' lang='lat' dir='ltr'><strong>narraverit</strong></span> <span class='ocrx_word' id='word_1_197' title='bbox 660 2618 757 2671; x_wconf 72' lang='lat' dir='ltr'><strong>artum</strong></span> 
     </span>
    </p>

    <p class='ocr_par' dir='ltr' id='par_1_18' title="bbox 117 2689 882 2772">
     <span class='ocr_line' id='line_1_30' title="bbox 117 2689 882 2772; baseline -0.003 -16"><span class='ocrx_word' id='word_1_198' title='bbox 117 2694 198 2769; x_wconf 84' lang='lat' dir='ltr'><strong>Quas</strong></span> <span class='ocrx_word' id='word_1_199' title='bbox 213 2692 255 2752; x_wconf 91' lang='lat' dir='ltr'><strong>illl</strong></span> <span class='ocrx_word' id='word_1_200' title='bbox 268 2689 435 2753; x_wconf 88' lang='lat' dir='ltr'><strong>Philomela</strong></span> <span class='ocrx_word' id='word_1_201' title='bbox 448 2694 555 2770; x_wconf 90' lang='lat' dir='ltr'><strong>dapes,</strong></span> <span class='ocrx_word' id='word_1_202' title='bbox 572 2711 650 2770; x_wconf 89' lang='lat' dir='ltr'><strong>quae</strong></span> <span class='ocrx_word' id='word_1_203' title='bbox 665 2696 748 2755; x_wconf 89' lang='lat' dir='ltr'><strong>dona</strong></span> <span class='ocrx_word' id='word_1_204' title='bbox 760 2695 882 2772; x_wconf 83' lang='lat' dir='ltr'><strong>pararit,</strong></span> 
     </span>
    </p>

    <p class='ocr_par' dir='ltr' id='par_1_19' title="bbox 115 2774 1074 2939">
     <span class='ocr_line' id='line_1_31' title="bbox 117 2774 1074 2854; baseline 0 -16"><span class='ocrx_word' id='word_1_205' title='bbox 117 2778 183 2853; x_wconf 77' lang='lat' dir='ltr'><strong>ouo</strong></span> <span class='ocrx_word' id='word_1_206' title='bbox 199 2790 290 2837; x_wconf 87' lang='lat' dir='ltr'><strong>cursu</strong></span> <span class='ocrx_word' id='word_1_207' title='bbox 306 2774 428 2837; x_wconf 84' lang='lat' dir='ltr'><strong>deserte</strong></span> <span class='ocrx_word' id='word_1_208' title='bbox 441 2780 590 2854; x_wconf 88' lang='lat' dir='ltr'><strong>petiverit,</strong></span> <span class='ocrx_word' id='word_1_209' title='bbox 606 2785 637 2838; x_wconf 91' lang='lat' dir='ltr'><strong>et</strong></span> <span class='ocrx_word' id='word_1_210' title='bbox 651 2778 761 2853; x_wconf 90' lang='lat' dir='ltr'><strong>quibus</strong></span> <span class='ocrx_word' id='word_1_211' title='bbox 777 2788 847 2840; x_wconf 87' lang='lat' dir='ltr'><strong>ante</strong></span> <span class='ocrx_word' id='word_1_212' title='bbox 1040 2796 1074 2850; x_wconf 76' lang='lat' dir='ltr'><strong>go</strong></span> 
     </span>
     <span class='ocr_line' id='line_1_32' title="bbox 115 2860 759 2939; baseline -0.002 -17"><span class='ocrx_word' id='word_1_213' title='bbox 115 2860 225 2922; x_wconf 87' lang='lat' dir='ltr'><strong>lnlelix</strong></span> <span class='ocrx_word' id='word_1_214' title='bbox 239 2874 297 2918; x_wconf 84' lang='lat' dir='ltr'><strong>sua</strong></span> <span class='ocrx_word' id='word_1_215' title='bbox 310 2866 389 2921; x_wconf 90' lang='lat' dir='ltr'><strong>tecta</strong></span> <span class='ocrx_word' id='word_1_216' title='bbox 403 2864 667 2939; x_wconf 88' lang='lat' dir='ltr'><strong>supervolitaverit</strong></span> <span class='ocrx_word' id='word_1_217' title='bbox 680 2864 759 2922; x_wconf 71' lang='lat' dir='ltr'><strong>alis?</strong></span> 
     </span>
    </p>

    <p class='ocr_par' dir='ltr' id='par_1_20' title="bbox 118 2943 949 3023">
     <span class='ocr_line' id='line_1_33' title="bbox 118 2943 949 3023; baseline 0.004 -18"><span class='ocrx_word' id='word_1_218' title='bbox 118 2943 226 3005; x_wconf 89' lang='lat' dir='ltr'><strong>Omnia</strong></span> <span class='ocrx_word' id='word_1_219' title='bbox 240 2959 328 3019; x_wconf 83' lang='lat' dir='ltr'><strong>quae,</strong></span> <span class='ocrx_word' id='word_1_220' title='bbox 343 2944 467 3008; x_wconf 88' lang='lat' dir='ltr'><strong>Phoebo</strong></span> <span class='ocrx_word' id='word_1_221' title='bbox 483 2948 638 3023; x_wconf 86' lang='lat' dir='ltr'><strong>quondam</strong></span> <span class='ocrx_word' id='word_1_222' title='bbox 652 2948 824 3019; x_wconf 89' lang='lat' dir='ltr'><strong>meditante,</strong></span> <span class='ocrx_word' id='word_1_223' title='bbox 839 2945 949 3009; x_wconf 84' lang='lat' dir='ltr'><strong>beatus</strong></span> 
     </span>
    </p>

    <p class='ocr_par' dir='ltr' id='par_1_21' title="bbox 92 3026 1011 3189">
     <span class='ocr_line' id='line_1_34' title="bbox 116 3026 1011 3105; baseline 0.006 -16"><span class='ocrx_word' id='word_1_224' title='bbox 116 3026 223 3089; x_wconf 81' lang='lat' dir='ltr'><strong>Audiit</strong></span> <span class='ocrx_word' id='word_1_225' title='bbox 235 3027 365 3089; x_wconf 89' lang='lat' dir='ltr'><strong>Eurotas</strong></span> <span class='ocrx_word' id='word_1_226' title='bbox 380 3031 530 3105; x_wconf 90' lang='lat' dir='ltr'><strong>iussitque</strong></span> <span class='ocrx_word' id='word_1_227' title='bbox 543 3032 682 3091; x_wconf 88' lang='lat' dir='ltr'><strong>ediscere</strong></span> <span class='ocrx_word' id='word_1_228' title='bbox 694 3032 808 3103; x_wconf 89' lang='lat' dir='ltr'><strong>lauros,</strong></span> <span class='ocrx_word' id='word_1_229' title='bbox 918 3086 922 3093; x_wconf 93' lang='lat'><em>.</em></span> <span class='ocrx_word' id='word_1_230' title='bbox 1007 3064 1011 3071; x_wconf 89' lang='lat'><em>·</em></span> 
     </span>
     <span class='ocr_line' id='line_1_35' title="bbox 92 3108 850 3189; baseline 0.008 -20"><span class='ocrx_word' id='word_1_231' title='bbox 92 3144 106 3161; x_wconf 45' lang='lat' dir='ltr'><strong>s</strong></span> <span class='ocrx_word' id='word_1_232' title='bbox 116 3108 171 3169; x_wconf 89' lang='lat' dir='ltr'><strong>ille</strong></span> <span class='ocrx_word' id='word_1_233' title='bbox 187 3113 280 3183; x_wconf 71' lang='lat' dir='ltr'><strong>canit,</strong></span> <span class='ocrx_word' id='word_1_234' title='bbox 303 3114 411 3189; x_wconf 91' lang='lat' dir='ltr'><strong>pulsae</strong></span> <span class='ocrx_word' id='word_1_235' title='bbox 425 3116 559 3175; x_wconf 89' lang='lat' dir='ltr'><strong>rolemnt</strong></span> <span class='ocrx_word' id='word_1_236' title='bbox 572 3114 612 3175; x_wconf 89' lang='lat' dir='ltr'><strong>ad</strong></span> <span class='ocrx_word' id='word_1_237' title='bbox 627 3116 729 3176; x_wconf 84' lang='lat' dir='ltr'><strong>sidera</strong></span> <span class='ocrx_word' id='word_1_238' title='bbox 743 3116 850 3187; x_wconf 87' lang='lat' dir='ltr'><strong>valles,</strong></span> 
     </span>
    </p>

    <p class='ocr_par' dir='ltr' id='par_1_22' title="bbox 117 3192 1073 3361">
     <span class='ocr_line' id='line_1_36' title="bbox 118 3192 1073 3274; baseline 0.01 -22"><span class='ocrx_word' id='word_1_239' title='bbox 118 3192 235 3271; x_wconf 78' lang='lat' dir='ltr'><strong>Cogere</strong></span> <span class='ocrx_word' id='word_1_240' title='bbox 251 3198 349 3259; x_wconf 87' lang='lat' dir='ltr'><strong>donec</strong></span> <span class='ocrx_word' id='word_1_241' title='bbox 363 3213 439 3259; x_wconf 87' lang='lat' dir='ltr'><strong>oves</strong></span> <span class='ocrx_word' id='word_1_242' title='bbox 453 3196 580 3259; x_wconf 87' lang='lat' dir='ltr'><strong>stabulis</strong></span> <span class='ocrx_word' id='word_1_243' title='bbox 595 3215 813 3274; x_wconf 87' lang='lat' dir='ltr'><strong>numerumque</strong></span> <span class='ocrx_word' id='word_1_244' title='bbox 826 3198 943 3262; x_wconf 80' lang='lat' dir='ltr'><strong>referre</strong></span> <span class='ocrx_word' id='word_1_245' title='bbox 1038 3216 1073 3271; x_wconf 77' lang='lat'><strong>85</strong></span> 
     </span>
     <span class='ocr_line' id='line_1_37' title="bbox 117 3275 825 3361; baseline 0.007 -25"><span class='ocrx_word' id='word_1_246' title='bbox 117 3275 217 3355; x_wconf 89' lang='lat' dir='ltr'><strong>Iussit,</strong></span> <span class='ocrx_word' id='word_1_247' title='bbox 234 3289 263 3342; x_wconf 89' lang='lat' dir='ltr'><strong>et</strong></span> <span class='ocrx_word' id='word_1_248' title='bbox 277 3283 370 3342; x_wconf 92' lang='lat' dir='ltr'><strong>invito</strong></span> <span class='ocrx_word' id='word_1_249' title='bbox 385 3282 538 3358; x_wconf 90' lang='lat' dir='ltr'><strong>processit</strong></span> <span class='ocrx_word' id='word_1_250' title='bbox 550 3282 672 3358; x_wconf 88' lang='lat' dir='ltr'><strong>Vesper</strong></span> <span class='ocrx_word' id='word_1_251' title='bbox 685 3283 825 3361; x_wconf 87' lang='lat' dir='ltr'><strong>Olympo.</strong></span> 
     </span>
    </p>
   </div>
   <div class='ocr_carea' id='block_1_3' title="bbox 486 3427 690 3439">
    <p class='ocr_par' dir='ltr' id='par_1_23' title="bbox 486 3427 690 3439">
     <span class='ocr_line' id='line_1_38' title="bbox 486 3427 690 3439; baseline -0.01 2"><span class='ocrx_word' id='word_1_252' title='bbox 486 3427 690 3439; x_wconf 66' lang='lat' dir='ltr'><em>-——a-—</em></span> 
     </span>
    </p>
   </div>
   <div class='ocr_carea' id='block_1_4' title="bbox 0 0 1172 3780">
    <p class='ocr_par' dir='ltr' id='par_1_24' title="bbox 0 0 1172 3780">
     <span class='ocr_line' id='line_1_39' title="bbox 0 0 1172 3780; baseline 0 0"><span class='ocrx_word' id='word_1_253' title='bbox 0 0 1172 3780; x_wconf 95' lang='lat' dir='ltr'><strong> </strong></span> 
     </span>
    </p>
   </div>
  </div>
 </body>
</html>
