2326 3780
414 211 610 274 annutans
630 212 704 273 LIB.
726 214 777 277 tv.
1015 216 1076 282 161

121 367 319 440 Fulmineum,
335 365 501 443 strictoque
518 366 586 427 ierit
600 367 767 426 miracula
783 367 873 428 terro.
1025 382 1078 437 sen

122 455 207 513 Idem
223 466 328 511 omnes
343 451 433 513 simul
447 451 541 511 ardor
553 450 654 526 habet,
668 451 852 526 rapiuntque
865 462 1033 531 muniqum

120 539 224 598 Litora
239 536 420 607 deseruere;
441 536 515 595 latet
528 534 586 595 sub
602 534 756 597 elassibus
771 552 905 611 aequom

121 621 235 681 Annixi
248 626 391 695 torquent
404 634 532 695 spumas
545 627 577 679 et
590 619 714 679 caerula
726 628 862 681 verrunt

135 728 138 733 >
162 706 200 766 Et
214 706 273 764 iarn
287 704 385 779 prima
398 717 481 765 novo
495 703 661 779 spargebat
673 703 787 765 lumine
801 711 900 765 terras

121 789 240 849 Tithoni
255 803 398 848 croceum
411 787 552 862 linquens
564 788 686 847 Aurora
700 786 809 849 cubile.
1025 796 1076 851 585

121 875 271 949 Reginae
285 871 421 948 speculis
435 878 468 931 ut
480 872 612 948 primum
626 871 785 931 albescere
798 873 899 933 lucem

120 959 205 1018 Vidit
220 963 249 1016 et
263 957 403 1031 aequatis
418 956 551 1017 classem
564 955 735 1031 procedere
749 956 837 1030 velis,

120 1044 284 1117 Litoraque
298 1048 329 1102 et
341 1056 459 1102 menos
474 1041 572 1101 sensit
585 1041 652 1101 sine
665 1039 781 1116 remige
795 1048 919 1116 portus;

120 1128 239 1203 Terque
253 1133 422 1201 quaterque
435 1141 528 1185 mauu
541 1132 650 1201 pectus
663 1141 814 1200 percussa
828 1126 982 1201 decorum,

120 1211 345 1286 Flaventesque
359 1209 501 1270 abscissa
516 1224 654 1283 comas„
656 1207 723 1283 ‚Pro
738 1209 860 1285 Iupiter,
876 1210 931 1270 ibit
1024 1218 1077 1274 590

113 1297 227 1371 ¹‚liiq“
242 1295 328 1369 ait„
329 1301 360 1353 et
374 1294 488 1353 nostris
502 1293 631 1353 illuserit
644 1292 766 1353 advena
778 1294 903 1369 regnier

121 1380 210 1453 „Non
225 1394 310 1437 arma
323 1377 498 1452 expedient,
513 1384 639 1451 totaque
652 1392 694 1435 ex
707 1377 782 1437 urbe
797 1385 972 1455 sequentur,

121 1461 361 1537 „DerIpientque
374 1467 456 1521 rates
471 1460 522 1519 alii
536 1457 720 1520 navalibus?
739 1461 792 1534 lte,

121 1547 228 1619 „Ferte
244 1544 294 1602 citi
309 1543 458 1617 flammas,
474 1544 545 1603 date
558 1545 628 1617 tela,
642 1542 787 1621 impellite
800 1542 920 1605 remus!
933 1576 977 1589 -
1025 1552 1079 1609 594

121 1627 475 1705 „Quidloquomautubi
487 1634 576 1688 sumt
597 1627 680 1702 Quae
692 1628 1078 1690 menteminsaniamutatt

121 1710 856 1788 ‚‚1ntelixDido,nuuctelaetaimpiatanguntt
1025 1722 1078 1776 596

120 1797 223 1873 „Tune
231 1794 340 1870 deaut,
354 1812 447 1871 quum
454 1802 577 1871 sceptra
584 1794 692 1855 dabas.
702 1828 746 1839 -
758 1793 805 1854 En
813 1796 921 1855 dextra
927 1795 1077 1872 fidesque,

120 1881 237 1958 „Quem
252 1894 357 1939 secum
371 1880 488 1955 patrios
504 1879 587 1939 aiunl
599 1884 723 1955 portare
732 1877 872 1953 Penates,

120 1964 237 2041 „Quem
252 1963 387 2027 subiisse
400 1964 535 2024 humeris
550 1964 721 2024 coniectum
736 1969 835 2022 aetate
849 1970 1022 2039 parentem!
1037 1998 1079 2011 -

120 2049 208 2124 „Non
222 2048 308 2123 potui
325 2048 484 2125 abreptum
498 2048 645 2108 divellere
660 2063 774 2123 corpus
789 2054 818 2107 et
831 2047 922 2109 undis
1025 2056 1079 2112 600

120 2132 316 2208 „Spargeret
336 2149 399 2193 non
413 2133 528 2207 socios,
543 2148 605 2193 non
619 2133 722 2208 ipsum
735 2131 899 2199 absumere
912 2133 993 2193 serre

120 2217 316 2292 „Ascanium
332 2217 501 2293 patriisque
515 2216 701 2292 epulandum
714 2232 831 2292 ponere
845 2217 984 2277 mensis?
995 2250 1039 2261 -

120 2301 256 2373 „Verum
271 2317 386 2377 anceps
401 2317 523 2378 pugnae
539 2302 638 2361 iuerat
651 2302 781 2361 senuna.
796 2332 839 2344 -
851 2299 987 2361 Fuisset:

122 2384 237 2458 „Quem
250 2386 342 2444 metui
356 2386 523 2447 moritura?
541 2384 640 2447 Faces
654 2386 686 2445 in
701 2392 802 2445 castra
816 2385 962 2459 tulissem,

121 2467 383 2543 „implessemque
397 2470 483 2531 foros
498 2469 638 2541 flammis,
655 2477 820 2544 natumque
833 2476 1014 2545 patremque
1027 2479 1078 2533 605

121 2550 217 2625 „Cum
232 2551 650 2629 genereexsbnxemmemet
664 2569 758 2629 super
772 2553 842 2628 ipsa
856 2553 1021 2615 dedissem.
1036 2588 1079 2598 -

121 2633 207 2709 „Sol
224 2635 276 2708 qui
289 2642 436 2695 terrarum
450 2636 581 2698 flammis
597 2652 693 2713 opera
708 2637 811 2697 omnia
823 2637 945 2710 lustras,

121 2719 245 2794 „Tuque
259 2718 366 2778 harum
381 2720 531 2795 interpres
546 2737 688 2782 curarum
701 2729 731 2782 et
746 2721 873 2781 conscia
886 2721 971 2797 luno,

121 2803 363 2879 „Nocturnisque
377 2803 492 2864 Hecate
506 2804 605 2865 triviis
618 2806 734 2866 ululata
747 2820 803 2881 per
814 2805 918 2879 urbes,

121 2887 178 2963 „Et
192 2887 283 2946 Dirae
296 2888 429 2963 ultrices,
444 2894 475 2948 et
489 2887 521 2948 di
534 2889 691 2949 morientis
705 2890 835 2961 Elissae,
1026 2894 1079 2953 61⁰

121 2970 281 3045 „Accipite
295 2972 382 3046 haec,
397 2973 599 3047 meritumque
613 2974 702 3033 malis
717 2972 868 3033 advertite
882 2987 1000 3045 numen,

121 3054 180 3128 „Et
193 3060 314 3114 nostras
329 3056 432 3117 audite
445 3072 566 3131 preces.
595 3055 628 3117 Si
642 3064 767 3132 tangere
780 3062 889 3132 pertus

122 3138 305 3212 „Infandum
318 3147 409 3216 caput
423 3155 461 3200 ac
475 3141 565 3201 terris
581 3141 697 3201 adnare
711 3156 842 3201 necesse
857 3146 912 3209 est,

122 3222 180 3297 „Et
195 3221 240 3282 sie
254 3221 319 3283 iata
328 3224 411 3285 Iovis
422 3228 565 3300 poscunt,
580 3224 631 3285 hic
645 3225 791 3286 terminus
805 3223 926 3292 haeret3

122 3309 182 3383 „At
196 3305 277 3367 bello
292 3308 418 3369 audacis
433 3310 539 3386 pupuli
552 3316 683 3369 vexatus
698 3310 845 3379 sturmis,
1025 3314 1078 3371 615

121 3391 267 3468 „Finibus
282 3393 422 3467 extorris,
438 3394 601 3468 complexu
615 3394 742 3455 avulsus
757 3393 822 3465 luti,

122 3475 298 3551 „Auxilium
311 3476 461 3553 imploret
476 3478 642 3554 videatque
657 3476 783 3554 indigna
796 3490 929 3537 suarum

162 3577 325 3621 cruentus.
846 3570 886 3621 tl
