2326 3780
167 210 228 286 trs
437 218 471 281 Ρ.
491 218 654 279 macron
673 217 848 281 nunonis

166 373 299 448 Robora
315 379 344 433 et
358 372 510 448 ingentem
523 372 584 432 lato
600 371 685 432 dedit
699 372 942 433 orerenestran.

166 458 304 537 Apparet
318 458 427 518 domus
441 457 531 529 intus,
547 463 579 516 et
592 455 669 516 atria
682 456 774 530 longa
788 462 965 529 patescunt;

165 543 325 619 Apparent
337 541 447 601 Priami
461 547 491 600 et
505 547 641 600 veterum
655 540 823 614 penetralia
836 554 952 615 regum,
1068 600 1073 611 ,

165 629 370 703 Amratosque
384 625 490 685 vident
503 631 618 684 stantes
632 624 663 683 in
677 624 779 683 limine
793 623 901 699 primo.
1071 625 1125 685 485

165 711 206 770 At
221 710 330 771 domus
344 709 468 771 interior
481 709 591 784 gemitu
606 708 782 783 miseroque
795 708 924 769 tumultu

164 794 316 868 Miscetur,
331 794 513 870 penitusque
528 807 623 852 cavae
637 791 835 867 plangoribus
850 792 946 851 aedes

164 878 315 939 Femineis
330 879 453 950 ululant,
469 876 537 936 ferit
551 891 643 935 aurea
658 875 761 936 sidera
775 875 904 946 clam0r3

164 965 240 1023 'lum
254 962 387 1038 pavidae
400 960 488 1021 tectis
502 965 614 1020 matres
628 960 800 1035 ingentibus
815 966 924 1032 errant,

163 1046 396 1121 Amplexueque
409 1051 512 1104 tenent
526 1050 632 1120 postes
647 1051 738 1120 atque
753 1044 860 1105 oscula
871 1044 980 1119 figunt.
1071 1047 1125 1105 490

138 1148 148 1167 =
163 1131 259 1190 instat
271 1130 301 1188 vi
317 1128 416 1205 patria
427 1127 579 1205 Pyrrhum
600 1143 657 1187 nec
671 1130 804 1189 claustra
816 1144 917 1203 neque
931 1128 993 1204 ipsi

165 1214 316 1274 Custodes
331 1212 461 1273 sufferre
473 1213 590 1273 valenti
611 1213 694 1273 labat
707 1213 802 1274 ariete
812 1212 923 1273 crebro

163 1297 267 1371 lanua,
283 1304 312 1358 et
326 1295 418 1357 amoti
431 1297 634 1373 procumbunt
648 1297 772 1357 cardine
786 1303 904 1373 postes.

162 1381 210 1445 Fit
223 1381 275 1441 via
290 1381 335 1440 vi:
356 1388 498 1457 rumpunt
511 1380 622 1456 aditus,
636 1382 817 1457 primosque
830 1379 984 1441 trucidant

162 1465 294 1526 immissi
307 1465 413 1539 Danai
429 1472 459 1525 et
471 1466 532 1527 late
547 1466 616 1526 loca
625 1460 725 1526 'milite
739 1467 901 1541 complent.
1070 1473 1125 1529 495

162 1548 230 1611 Non
245 1550 298 1623 sic,
314 1549 476 1625 aggeribus
490 1550 588 1626 ruptis
604 1567 696 1626 quum
710 1564 857 1627 spumeus
871 1548 969 1611 amnis

161 1634 242 1695 Exiit
257 1634 479 1711 oppositasque
493 1634 585 1694 evicit
598 1634 716 1710 gurgite
729 1633 836 1707 moles,

159 1716 268 1780 Fertur
280 1719 310 1778 iu
325 1734 401 1801 arra
415 1719 518 1779 lunens
533 1720 663 1793 cumulo,
678 1732 868 1794 camposque
881 1731 938 1792 per
953 1730 1068 1780 omnes

162 1803 237 1863 Cum
251 1803 380 1864 stabulis
396 1808 531 1863 armenta
544 1803 644 1863 trahit
671 1802 744 1862 Vidi
758 1802 826 1877 ipse
840 1801 990 1861 iurantem

162 1886 263 1947 caede
276 1888 507 1963 Neoptolemum
521 1887 723 1962 geminosque
736 1886 768 1945 in
782 1884 884 1947 limina
897 1885 1044 1959 Atridam
1069 1900 1124 1953 50⁰

161 1966 233 2031 Vidi
246 1971 403 2031 Hecubam
417 1977 599 2045 centumque
612 1986 717 2042 nurus,
733 1969 945 2044 Priamumque
959 1986 1020 2046 per
1033 1989 1109 2035 aras

162 2052 318 2131 Sanguine
333 2054 516 2127 foedantem,
532 2070 612 2130 quos
626 2054 694 2130 ipse
710 2060 895 2125 sacraverat,
910 2053 1011 2128 ignes.

159 2137 384 2213 Quinquaginta
398 2137 440 2197 illi
454 2137 587 2211 thalami,
607 2152 682 2213 spes
696 2144 780 2217 unta
793 2144 947 2214 nepotum

157 2218 324 2282 Barbarico
338 2227 447 2298 postes
461 2238 537 2283 auro
552 2222 723 2299 spoliisque
737 2221 873 2297 superbi,

157 2302 366 2375 Procubuere;
386 2312 492 2367 tenent
504 2306 610 2378 Danai,
627 2322 688 2383 qua
702 2306 805 2367 deficit
818 2306 908 2380 ignis.
1066 2320 1120 2373 sos

199 2388 339 2449 Forsitan
355 2396 394 2463 et,
409 2389 519 2450 Priami
533 2390 643 2451 fierint
657 2405 736 2466 quae
750 2390 822 2461 tata7
836 2388 986 2465 requiras.

157 2470 248 2533 Urbis
263 2473 306 2532 uti
319 2480 428 2549 captae
442 2490 548 2535 casum
563 2474 772 2548 convulsaque
785 2474 862 2535 vidit

155 2554 273 2617 ilmina
286 2557 480 2618 tectorum'et
492 2558 626 2617 medium
638 2558 670 2617 in
683 2559 890 2634 penetralibus
904 2557 1046 2631 hostem;

155 2640 250 2699 Arma
264 2638 319 2701 dlu
333 2641 438 2703 senior
451 2642 580 2702 desueta
592 2643 788 2703 trementibus
804 2658 882 2703 aevo

156 2722 330 2785 circumdat
342 2725 552 2801 nequidquam
565 2726 709 2799 humeris,
724 2733 754 2787 et
767 2726 872 2789 inutile
885 2725 999 2795 ferrum
1063 2738 1117 2793 sto

156 2806 298 2883 cingitur,
312 2822 350 2869 ac
364 2808 481 2871 densos
496 2811 590 2871 fertur
603 2810 767 2872 moriturus
782 2812 813 2871 in
821 2812 944 2871 hostes.

153 2891 293 2953 Aedibus
307 2892 338 2952 in
353 2893 462 2955 mediis
476 2894 624 2970 nudoque
638 2894 694 2957 sub
710 2894 842 2956 aetheris
856 2909 916 2955 axe

152 2974 265 3051 lugens
280 2992 335 3037 ara
348 2976 411 3051 luit,
427 2978 574 3055 iuxtaque
587 2979 749 3040 veterrima
763 2980 876 3051 laurus,

152 3058 335 3121 Incumbens
349 3076 422 3121 arae
436 3069 528 3138 atque
542 3063 651 3123 umbra
664 3064 826 3141 complexa
838 3062 984 3123 Penates:

152 3142 209 3203 llic
223 3143 349 3206 Hecuba
363 3152 394 3207 et
406 3152 497 3207 name
510 3147 719 3224 nequidquam
734 3148 841 3209 altaria
854 3147 978 3221 circum,
1060 3158 1116 3215 tlt

151 3224 337 3304 Praecipites
351 3235 419 3290 atra
433 3246 490 3291 ceu
504 3238 686 3307 tempestate
700 3232 868 3306 columbae,

152 3309 333 3373 Condensae
348 3320 379 3375 et
393 3314 497 3375 divrlm
510 3316 672 3392 amplexae
686 3316 850 3377 simulacra
863 3310 1026 3377 sedebant.
1044 3358 1047 3363 -

143 3392 251 3471 Ipsum
266 3403 370 3460 autern
385 3398 493 3463 sumus
504 3397 658 3461 mannum
669 3398 861 3461 iuvenalibus
874 3398 967 3459 aruris

13 3440 20 3556 l
135 3478 174 3543 Ul
192 3483 287 3559 vitilia
310 3484 422 3564 „Quae
435 3502 530 3551 meus
543 3492 612 3547 tum
623 3484 704 3557 d'ue,
712 3482 885 3543 ultsetmme
896 3482 1022 3556 tautum,
