2326 3780
364 266 560 332 nummos
579 268 652 331 ms.
667 270 720 330 tv.
958 242 1026 333 153'

65 423 269 502 „Debentur.“
296 421 360 483 Tali
375 423 530 500 cyllenius
545 439 599 484 ore
612 425 732 483 locutus

64 508 211 570 Mortales
225 507 313 567 visus
327 508 429 568 medio
446 523 588 568 sermone
601 506 732 582 reliquit,

64 594 102 656 Et
116 592 224 671 procul
237 592 276 651 in·
282 598 405 653 tenuem
419 607 459 652 ex
474 593 571 653 oculis
586 591 709 652 evanuit
722 604 836 650 auram.

65 682 106 739 nt
120 692 195 738 vero
210 679 335 737 Aeneas
350 676 501 753 adspectu
517 676 665 737 obmutuit
677 678 793 748 anneus,

65 765 275 836 Arrectseque
289 760 419 822 horrore
433 776 549 837 comae,
565 768 595 821 et
608 775 673 820 vox
686 759 826 819 saucibus
840 757 948 821 haesit.
969 764 1023 819 atto

64 848 163 907 Ardet
177 844 349 920 abireluga
363 845 532 921 dulcesque
547 845 722 921 relinquere
734 850 842 918 terras,

65 932 219 991 Attonitus
232 936 317 990 tanto
333 930 450 991 monitu
463 930 654 1007 imperioque
669 929 805 991 deorum.

64 1015 133 1075 Heu
149 1013 223 1090 quid
238 1020 329 1089 agatt
352 1030 414 1088 quc
430 1030 510 1075 nunc
524 1015 661 1090 reginam
676 1012 792 1076 ambire
806 1011 954 1071 lucentem

65 1099 188 1159 Audeat
202 1097 316 1160 affamt
337 1114 416 1175 quae
431 1100 529 1174 prima
543 1100 672 1160 exordia
687 1102 808 1158 sumatt

41 1188 43 1193 '
65 1183 168 1255 litque
184 1181 317 1241 animum
328 1198 409 1242 nunc
420 1182 479 1243 huc
494 1184 634 1261 celerent
649 1197 731 1243 nunc
745 1179 854 1241 dividit
868 1179 948 1256 illuc,
969 1184 1022 1241 285

64 1265 100 1324 In
114 1270 281 1339 partesque
293 1266 375 1341 rapit
388 1266 501 1340 varias,
515 1282 635 1342 perque
650 1266 753 1327 omnia
765 1270 879 1325 versat.
946 1296 948 1302 .

65 1348 150 1410 Haec
164 1347 323 1409 alternanti
336 1350 440 1425 potior
454 1352 603 1410 sententia
616 1350 686 1410 visa
700 1355 762 1410 ests

65 1431 230 1492 Mnesthea·
241 1430 480 1508 Sergestumque
492 1442 582 1494 vocat
599 1434 771 1509 fortemque
786 1433 955 1494 Serestum:

67 1516 203 1577 classem
218 1522 323 1590 aptent
334 1516 419 1576 taciti
433 1514 603 1595 sociosque
616 1518 657 1577 ad
670 1517 761 1577 litora
774 1524 895 1591 cogant,

64 1603 161 1660 Arma
174 1606 336 1675 parentet,
361 1616 440 1675 quae
453 1601 546 1662 rebus
562 1602 602 1661 sit
616 1616 711 1661 causa
725 1601 887 1674 novandis,
971 1607 1025 1663 290

64 1683 278 1754 Dissimulent;
302 1699 374 1744 sese
389 1684 514 1757 interea,
531 1684 654 1761 quando
671 1685 786 1760 optima
798 1683 878 1745 Dido

65 1768 189 1828 Nesciat
204 1774 233 1827 et
247 1774 348 1828 tantos
362 1768 462 1844 rumpi
476 1784 539 1830 non
554 1776 659 1845 speret
673 1783 804 1841 amores,
903 1840 906 1845 .
981 1826 984 1831 .

65 1852 258 1913 Tentaturum
273 1852 374 1913 aditus
389 1858 428 1927 et,
445 1868 526 1928 quae
539 1852 721 1915 mollissima
735 1849 819 1910 sandi

65 1936 225 2012 Tempora,
241 1936 312 2011 quis
325 1936 418 1998 rebus
434 1938 543 1999 dexter
556 1937 678 1998 modus.
708 1935 800 1996 Ocius
816 1949 923 1994 omnes

64 2020 196 2096 Imperio
212 2021 283 2081 laeti
298 2029 407 2096 parent
420 2038 457 2081 ac
472 2022 558 2083 iussa
571 2022 738 2082 lacessunt.
971 2022 1023 2079 295

106 2108 146 2165 At
159 2105 265 2181 regina
280 2106 588 2181 dolos-quis'lallere
602 2105 703 2181 possit
717 2109 906 2164 amantem?-

65 2188 249 2263 Praesensit,
268 2196 432 2265 motusque
447 2192 569 2267 excepit
583 2191 681 2267 prima
696 2190 822 2262 futuros,

68 2272 174 2334 Omnia
187 2280 251 2334 tuta
264 2274 390 2335 timens:
412 2275 522 2335 eadem
535 2275 630 2350 impia
643 2274 738 2335 Fama
751 2273 861 2333 furenti
920 2346 924 2353 ι

65 2357 186 2432 Detulit,
202 2359 312 2417 armari
329 2359 461 2419 classem
475 2375 660 2435 cursumque
674 2357 786 2435 parari.
952 2429 955 2441 Ι

67 2440 172 2501 Saevit
186 2441 277 2517 inops
291 2443 392 2517 animi,
407 2450 563 2519 totamque
576 2444 706 2504 incensa
720 2459 778 2518 per
791 2439 898 2502 urbem
971 2448 1025 2503 3⁰0

64 2523 244 2597 Bacchatur,
261 2527 360 2599 qualis
376 2530 536 2589 commotis
551 2530 653 2589 excita
667 2527 765 2588 sacris

65 2607 189 2685 Thyias,
204 2607 256 2666 ubi
271 2610 375 2669 audito
391 2612 547 2673 stimulant
559 2612 712 2672 trieterica
724 2610 849 2671 Baccho

67 2690 159 2767 Orgia
172 2698 401 2767 nocturnusque
415 2702 508 2756 vocat
523 2698 656 2757 clamore
671 2695 844 2765 Cithaeron.

65 2776 200 2837 Tandem
214 2775 263 2837 his
276 2778 404 2837 Aenean
419 2782 582 2855 compellat
594 2780 724 2841 vocibus
738 2780 833 2839 nltro=

65 2860 286 2935 „Dissimulare
299 2860 390 2921 etium
404 2864 545 2938 sperasti,
561 2864 688 2941 perfide,
703 2870 820 2924 tantum
970 2867 1023 2921 3⁰5

66 2944 183 3019 „Posse
197 2946 294 3020 nesae,
308 2946 481 3022 tacitusque
495 2964 565 3007 mea
579 2949 842 3015 decedere'terra3

65 3029 147 3104 „Nec
161 3036 191 3089 te
204 3037 310 3091 noster
324 3047 419 3105 amor,
435 3039 536 3092 necte
552 3032 623 3093 data
638 3033 766 3093 dextera
782 3028 946 3105 quondam,

65 3113 148 3188 „Nec
162 3115 309 3176 moritura
322 3121 405 3176 tenet
419 3116 535 3177 crudeli
549 3117 657 3177 funere
670 3115 774 3176 Didot

65 3197 164 3271 „an
179 3198 270 3259 ctiam
283 3198 411 3260 hiberno
427 3202 544 3262 moliris
559 3202 662 3262 sidere
677 3200 819 3271 classem,

65 3281 121 3355 „Et
135 3283 244 3343 mediis
261 3299 410 3359 properas
424 3285 632 3361 Aquilonibus
647 3284 691 3343 ire
705 3300 763 3359 per
777 3282 878 3356 altum,
970 3284 1025 3340 310

65 3365 247 3439 „Crudelist
267 3366 353 3443 Quid,
370 3368 396 3428 si
411 3385 474 3429 non
488 3387 563 3430 arva
576 3370 676 3430 aliena
691 3368 864 3441 domosque

65 3448 208 3523 „ignotas
220 3458 352 3527 peteres,
369 3459 400 3513 et
413 3452 505 3515 lhoia
519 3453 649 3531 antiqua
659 3456 816 3523 maneret,
1032 3524 1036 3531 Ι

52 3531 165 3603 „lror'a
176 3549 239 3608 per
251 3536 407 3599 undosum
424 3546 589 3617 peteretur
604 3536 771 3603 classibus
783 3532 935 3607 nequer*
