2326 3780
402 132 605 197 Buconica.
647 135 730 199 udi.
750 136 801 199 ΙΧ.
1040 138 1087 203 Μ·

128 293 230 353 Paene
243 288 333 351 simul
346 296 447 349 teemn
461 289 571 349 solatia
583 294 680 365 rapta,
693 288 854 351 Menalcan

128 376 203 451 Quis
219 380 341 434 caneret
353 373 533 450 nymphaea
560 372 629 448 quis
648 373 772 433 humum
785 372 963 439 florentibus
976 375 1079 438 herbis

128 461 304 536 Spargeret,
318 458 369 519 aut
381 457 472 518 viridi
487 458 587 519 fontes
600 456 759 518 induceret
767 458 890 530 umbra3
945 510 948 515 ,
1038 468 1081 524 iu

128 545 223 605 Vel...
240 558 319 618 quac
333 541 451 618 subtegi
465 543 574 603 tacitus
587 541 642 602 tibi
656 542 790 603 carmina
803 557 909 619 nuper,

128 629 227 703 Quum
240 635 271 688 te
284 627 325 688 ad
339 627 466 688 delicias
480 626 585 708 terres,
599 626 798 703 Amaryllide,
813 633 944 702 nocuas,

129 713 260 790 „Tityre
276 711 348 775 dum
360 710 573 771 redeo-brevis
588 718 636 770 est
649 709 722 785 via,
738 726 833 786 pasce
848 711 992 788 capellas,

127 798 187 872 „Et
199 803 306 873 potunt
318 803 426 873 pastas
440 811 507 871 age,
520 795 631 871 Tityre,
646 801 677 855 et
688 794 766 855 inter
779 795 931 871 agendum

126 879 320 956 „Occursare
333 880 622 1024 capro-cornugessit
637 879 839 1023 idgcavetor‘
851 887 916 939 -t
1043 884 1079 941 25

126 1052 221 1111 inimo
236 1049 323 1125 haec,
339 1064 419 1125 quac
432 1047 517 1109 Varo
531 1046 662 1109 necdum
675 1048 812 1124 perfecta
826 1045 969 1107 canebata

125 1135 237 1210 „Vere
252 1143 337 1196 tuum
351 1138 602 1209 nomen-superet
614 1132 708 1193 modo
721 1132 845 1193 Mantua
858 1130 958 1205 nobis,

125 1219 271 1294 „Mantua
283 1233 343 1279 vae
357 1218 489 1278 miserae
502 1217 626 1277 nimium
640 1216 742 1277 vicina
755 1216 958 1277 Cremonaet·
1115 1214 1118 1221 '

126 1301 311 1377 „danuntes
326 1301 457 1361 sublime
472 1301 568 1361 ferent
582 1301 623 1360 ad
637 1301 740 1362 sidera
754 1300 874 1377 cycni.“
1016 1310 1019 1315 '

492 1382 709 1443 LYCIDAS.

127 1467 180 1526 Sic
193 1474 247 1526 tua
261 1467 396 1542 Cyrneas
411 1465 526 1540 fugiant
540 1467 680 1526 examina
691 1473 790 1540 taxos,
1042 1474 1078 1531 td

128 1549 181 1610 Sic
194 1549 293 1626 cytiso
307 1555 416 1624 pastae
430 1548 605 1609 distendant
616 1549 712 1610 ubera
723 1564 854 1609 vaccae=

126 1633 241 1710 Incipe,
257 1631 374 1707 siquid
388 1630 495 1693 habes.
527 1632 565 1692 Et
577 1647 627 1692 me
640 1633 741 1692 iecere
755 1635 877 1708 poetam

126 1717 272 1792 Pierides,
288 1724 359 1777 sunt
373 1716 489 1776 etmihi
504 1717 647 1791 cannina,
661 1731 710 1775 me
726 1726 849 1792 quoque
863 1715 967 1777 dicunt

126 1803 235 1861 Vatem
249 1808 406 1879 pastores;
430 1800 564 1861 sednon
579 1815 637 1876 ego
653 1799 795 1861 credulus
809 1799 884 1859 iliter

125 1887 200 1946 Nam
215 1900 315 1960 neque
330 1884 431 1944 adhuc
445 1885 540 1945 Vario
556 1885 666 1945 videor
679 1899 737 1944 nec
751 1882 853 1944 dicere
868 1882 963 1944 Cinna
1042 1889 1077 1947 3⁶
1149 1882 1152 1888 '

124 1971 231 2046 Digna,
247 1970 303 2030 sed
319 1975 442 2044 argutos
458 1969 536 2029 inter
550 1976 688 2046 strepere
702 1983 794 2029 anser
808 1969 921 2029 olorerr.

122 2139 158 2198 ld
174 2137 298 2213 quidem
311 2153 371 2212 ago
385 2144 416 2197 et
428 2136 547 2210 tacitus,
562 2136 687 2214 Lycida,
703 2153 822 2198 mecum
836 2137 905 2215 ipse
918 2135 1032 2211 voluto,

123 2222 156 2284 Si
170 2223 291 2282 valeam
305 2222 497 2292 meminisse;
519 2236 620 2295 neque
635 2228 682 2282 est
696 2222 829 2297 ignobile
843 2236 976 2282 cannen.
1073 2274 1076 2281 .

127 2307 210 2383 ,Huc
225 2305 310 2380 ades,
326 2321 344 2365 ο
360 2305 500 2366 Galatea:
524 2305 592 2380 quis
608 2314 656 2365 est
668 2322 738 2366 nam
751 2306 841 2367 ludus
855 2306 887 2367 in
901 2304 1013 2367 audiat

123 2391 200 2463 „Hic
214 2406 270 2450 ver
283 2406 477 2466 purpureum,
492 2389 597 2450 varios
610 2388 661 2450 hic
675 2388 800 2451 flumina
813 2389 927 2451 circum
1038 2395 1075 2453 id

124 2472 254 2547 „Fundit
267 2473 377 2534 humus
391 2472 495 2548 flores,
510 2472 561 2534 hic
576 2473 708 2535 candida
721 2474 856 2551 populna
869 2480 957 2537 antro

123 2557 290 2631 „Imminet
307 2564 336 2617 et
349 2558 449 2618 lentae
461 2565 569 2619 texunt
580 2557 757 2619 umbracula
769 2558 863 2627 vitesz

124 2640 211 2715 „Huc
225 2641 316 2714 ades;
339 2641 439 2703 insani
452 2641 562 2703 feriant
575 2642 644 2704 sine
655 2642 746 2704 litora
758 2641 899 2705 tinctus.“

488 2724 717 2805 Licinn&

124 2806 212 2882 Quid,
227 2816 349 2883 quaele
362 2825 441 2886 pura
455 2812 556 2872 solum
570 2810 628 2873 sub
642 2817 732 2873 nocte
746 2817 905 2873 canemern

122 2892 309 2953 Audieram?
329 2909 474 2983 numeros
487 2896 619 2969 memini,
634 2896 662 2956 ei
674 2895 771 2956 verba
783 2902 927 2979 tenerem.
961 2962 964 2969 ,
1038 2899 1073 2957 4⁵

120 3059 271 3136 „Daphni
287 3061 360 3136 quid
375 3063 517 3138 antiquos
529 3056 689 3139 'signorum
702 3063 836 3139 suspicis
851 3065 956 3123 aruis!

120 3144 222 3221 „Ecce
235 3144 363 3205 Dionaei
377 3147 532 3224 processit
545 3147 685 3209 Caesaris
699 3154 824 3221 uuum,

120 3229 275 3305 „Astrurn
291 3246 352 3327 que
368 3239 489 3329 tegetes
505 3231 674 3328 panderent
687 3230 833 3306 turpibus,
847 3236 879 3291 et
892 3245 953 3306 quo
970 3278 973 3283 .

120 3310 400 3475 ζίξιὲἓξὲῗῐῦαὲἒὴῗιε,
414 3314 1007 3479 ΐὴίἓιέιξξεφξζῗῗιῗέοέἓὲιηοροωψ
1039 3404 1078 3459 su
