2326 3780
384 151 589 213 Bucuhicn.
627 152 711 213 ECL.
731 152 811 212 vili.
1033 150 1074 213 21

118 307 233 366 Desine
247 305 429 380 Maenalias,
442 305 504 365 iam
518 304 636 379 desine,
652 304 735 379 tibia,
749 320 871 367 uersus.

161 391 248 449 Haec
261 389 396 461 Dam0n;
410 403 488 464 uos,
504 403 584 464 quae
597 388 792 466 responderit
803 388 1040 464 Alphesiboeus,

120 474 226 547 Dicite,
241 472 393 533 Pieridesr
414 488 478 533 nen
492 475 596 533 emnia
608 489 781 549 pessumus
791 486 908 533 omues.

389 556 784 619 ALPHESIBOEUS.

162 639 247 701 Effer
259 650 382 716 aquam,
395 642 522 701 etmolli
537 643 625 717 cinge
639 641 716 701 haec
730 642 837 701 altaria
849 640 932 714 vitta,

121 724 344 800 verbenasque
357 726 451 785 adele
462 727 595 801 pingues
608 732 638 786 et
650 726 789 786 mascula
800 731 877 796 turra
1039 732 1073 786 65

123 809 267 884 coniugis
281 816 314 869 ut
326 810 455 885 magicis
469 825 564 870 sanus
580 817 719 869 avertere
732 810 831 871 sacris

120 894 270 969 Experiar
285 910 412 955 sensuse
433 893 573 953 nihil'hic
585 894 647 955 nisi
660 895 798 954 carmina
808 894 929 953 desunt.

118 978 227 1038 Ducite
240 977 282 1037 ah
294 978 370 1038 urbe
380 980 517 1052 domum,
532 994 601 1039 mea
614 979 757 1052 carnrinu,
772 978 872 1037 ducite
886 976 1046 1053 Daphnim.

121 1063 261 1122 Carmina
273 1064 324 1122 vel
339 1064 431 1123 caelu
443 1070 575 1138 pessimi
589 1064 746 1123 deducere
756 1062 882 1135 Lunam,

121 1146 311 1207 Carminibus
326 1148 412 1207 Circe
427 1148 534 1207 socius
546 1148 675 1209 mutavit
684 1145 776 1217 Ulixi,
815 1180 826 1199 ·
1040 1150 1075 1207 to

119 1230 262 1304 Frigidus
275 1231 307 1289 in
321 1233 418 1307 pratis
430 1229 582 1291 cantando
596 1231 744 1306 rumpitur
757 1228 876 1306 eripuis.

120 1314 229 1372 Ducite
244 1313 282 1372 ab
296 1315 372 1373 urbe
387 1317 519 1388 demum,
534 1331 603 1374 mea
617 1316 758 1387 carmina,
775 1315 875 1374 ducite
888 1313 1050 1389 Daphnim.

122 1397 220 1454 Terna
233 1397 287 1454 tibi
300 1397 378 1456 haec
392 1399 521 1473 primum
534 1398 643 1473 triplici
660 1397 783 1459 diversa
796 1398 900 1459 colore

122 1479 208 1537 Liuia
222 1474 386 1552 circumdo,
400 1487 508 1555 terque
521 1481 598 1539 haec
613 1481 719 1539 altana
733 1480 846 1541 circum

123 1561 264 1635 Effigiem
279 1563 373 1622 duco:
395 1577 520 1623 numero
537 1565 613 1623 dcus
627 1564 744 1638 impare
759 1564 879 1638 gaudet.
1040 1571 1074 1626 75

125 1645 244 1720 [Ducite
258 1645 296 1704 ab
311 1645 386 1705 urbe
401 1648 533 1718 domum,
548 1661 617 1705 mea
631 1647 772 1719 carmina,
789 1646 888 1705 ducite
902 1647 1072 1722 Daphnim]

123 1731 217 1789 Necte
229 1730 325 1790 tribus
340 1731 433 1790 nudis
446 1730 560 1803 ternus,
573 1730 730 1807 Amarylli
746 1730 883 1798 colorem

123 1816 225 1887 Necte,
238 1816 395 1890 Amarylli,
408 1814 512 1887 modo,
524 1813 736 1888 et,‚Veneris“
749 1814 798 1873 dic
810 1813 1075 1885 „vinculanect0.“

124 1899 231 1959 Ducite
246 1898 284 1957 ab
298 1898 374 1958 urhe
389 1900 522 1971 domum,
537 1915 607 1958 mea
621 1898 764 1971 carmina,
780 1896 882 1957 ducite
894 1897 1055 1972 Daphnim.

165 1983 269 2044 Limus
282 1989 316 2043 ut
329 1983 379 2042 hic
394 1984 536 2057 durescit,
552 1990 583 2043 et
595 1982 673 2042 haec
686 1984 720 2042 ul
733 1998 805 2042 cera
816 1980 961 2055 liquescit
1040 1989 1077 2045 8⁰

121 2067 191 2127 Uno
207 2066 378 2142 eodemque
391 2068 463 2143 igni,
479 2068 526 2128 sic
539 2074 645 2127 nostro
656 2066 795 2143 Daphnis
810 2081 924 2126 amore.

122 2151 242 2226 Sparge
256 2152 376 2224 molum,
393 2159 424 2211 et
436 2153 561 2226 fragiles
575 2150 705 2211 incende
718 2151 864 2211 bitumine
878 2151 997 2212 lempst

121 2235 260 2310 Daphnis
274 2236 434 2296 momulus
448 2236 515 2309 urii,
531 2251 590 2311 ego
603 2236 684 2295 hanc
696 2237 730 2295 in
742 2235 904 2311 Daphnide
917 2236 1043 2297 laurum.

121 2320 230 2380 Ducite
245 2319 283 2378 ab
296 2319 372 2380 urbe
388 2321 519 2393 domum,
534 2320 756 2391 meacarmina,
773 2319 875 2379 ducite
887 2319 1048 2394 Daphnim.

122 2404 204 2464 Talis
220 2416 306 2463 amur
318 2403 479 2480 Daphnim,
495 2404 604 2480 quelle,
621 2420 716 2478 quum
727 2404 812 2464 iesse
826 2404 989 2465 iuvencum
1039 2408 1075 2466 86

122 2487 180 2548 Per
194 2502 320 2547 nemora
334 2494 430 2563 atque.
439 2490 518 2548 altos
534 2487 714 2562 quaerenda
725 2487 837 2564 humida
850 2487 938 2548 lucus

122 2571 251 2647 Propter
264 2587 364 2646 aquae
377 2573 477 2632 rivum
489 2573 580 2631 viridi
594 2570 767 2647 procumbit
779 2571 812 2631 in
823 2571 904 2646 ulva,

123 2655 253 2727 Perdita,
269 2670 327 2715 nec
342 2670 430 2715 serae
443 2656 579 2716 meminit
591 2656 743 2715 decedere
754 2655 846 2728 uadi,

124 2741 204 2800 Talis
220 2755 307 2799 amor
319 2745 428 2813 teneat,
443 2756 500 2800 nec
515 2741 555 2800 eit
567 2739 641 2801 ιιιιιιι
656 2754 728 2799 cura
743 2739 867 2799 mederi.

124 2824 231 2883 Ducite
242 2822 280 2882 ab
290 2823 367 2883 urbe
377 2824 510 2896 demum,
524 2839 593 2883 mea
603 2824 745 2896 carmine,
759 2823 859 2883 ducite
865 2820 1028 2905 Daphnim.
1041 2828 1077 2884 90

125 2908 189 2967 Hes
205 2907 419 2967 climexuvias
433 2908 506 2967 mihi
521 2908 658 2983 perfidus
671 2908 724 2967 ille
736 2908 866 2981 reliquit,

124 2992 255 3066 Pignora
270 3006 341 3050 cara
355 2993 412 3064 sui,
428 3007 507 3067 quae
521 2996 606 3051 nunc
615 3006 673 3066 ego
688 2992 790 3051 limine
804 2991 837 3050 in
851 2991 931 3065 ipse,

124 3076 225 3148 Terra,
239 3074 293 3134 tibi
307 3076 437 3135 manduc
458 3074 571 3135 debent
582 3075 660 3134 haec
674 3075 805 3152 pignora
817 3073 978 3148 Daphnim.

122 3161 232 3220 Ducite
247 3157 285 3218 ab
299 3159 375 3219 urhe
390 3160 522 3232 demum,
537 3174 608 3219 mea
619 3160 762 3232 carmine,
778 3158 878 3218 ducite
891 3156 1053 3234 Daphnim.

166 3244 231 3304 Has
246 3241 358 3303 herbas
373 3248 468 3318 atqua
478 3244 556 3303 haec
569 3242 666 3303 Ponto
679 3242 757 3303 mihi
766 3243 846 3303 lecta
858 3257 980 3303 venena
1021 3278 1024 3283 -
1042 3244 1077 3301 95

123 3329 198 3404 Ipse
212 3326 296 3386 dedit
310 3322 442 3398 Moeris3‘
461 3332 627 3388 nascuntur
639 3326 770 3409 plurima
781 3323 888 3386 Ponto.

123 3413 182 3472 iiis
196 3426 257 3487 ega
270 3425 366 3486 saepe
379 3412 485 3487 mpum
497 3411 564 3471 fieri
580 3418 610 3471 et
624 3425 659 3471 se
673 3410 807 3471 condere
822 3410 908 3471 siluis
963 3434 979 3457 ·.
1001 3410 1117 3465 r-tta
