2326 3780
435 130 747 190 INTRODUCTIO.
1036 130 1075 186 lx

119 288 244 359 Eclegae
260 290 371 357 quintae
390 286 480 344 verba
492 284 529 341 de
544 282 673 343 Caesaris
687 288 785 343 lavere
808 300 878 356 erga
892 283 997 341 Galliae
1014 281 1074 341 Cis-

121 373 233 444 alpinae
248 371 354 427 incolas
368 372 441 426 benc
456 370 652 441 interpretatus
667 376 717 425 est.
755 368 834 425 Idem
848 368 966 424 Vossius
980 373 1075 422 umen

119 456 176 511 boc
190 470 304 510 carmen
316 470 406 511 verno
418 459 545 525 tempere
560 469 588 508 a.
600 450 672 514 711.
688 453 820 525 scriptum
835 452 887 507 sed
901 469 926 509 a.
938 451 1009 513 712.
1025 468 1074 507 ex-

120 539 236 613 politum
251 543 279 594 et
291 538 409 594 Pollioni
422 538 555 595 traditum
575 554 640 593 esse
655 538 756 593 statuit.
797 534 857 593 Sed
877 551 992 593 eausam
1012 534 1075 590 ido-

121 639 205 678 neam
220 638 278 678 nen
292 623 397 691 attulit,
419 626 503 692 atque
520 637 557 677 ex
572 620 691 693 Virgilio
706 626 820 694 praeter
835 635 885 688 ea,
900 635 974 691 quae
988 634 1075 690 supra

122 712 340 763 commemorata
354 710 432 777 suut,
446 704 515 761 nihil
528 705 620 776 aliud,
634 706 688 761 nisi
701 705 776 761 banc
788 705 924 776 Eclogam
938 708 1003 758 ante
1018 709 1074 759 ter·

121 790 187 847 tiam
203 795 230 846 et
245 792 369 862 quintam
383 790 515 862 scriptam
529 806 610 858 esse,
625 790 717 863 colligi
734 793 835 861 potest.
879 786 1075 858 Suspicionem

119 880 244 931 nostram
258 874 424 931 continuant
437 873 548 945 Apulei.
569 874 650 945 Aput
664 875 685 929 Ι.
702 871 769 939 18.,
783 873 882 929 Donat
896 878 922 939 §-
931 868 980 931 28
989 868 1075 931 etur.

121 965 148 1015 et
162 956 281 1016 Servius
294 961 334 1015 ad
344 958 406 1015 lter.
421 959 454 1015 11.
470 956 497 1017 1.
513 962 541 1013 et
556 955 607 1017 15.
634 958 769 1029 Virgilius
791 957 865 1013 enim
884 955 1036 1026 aliquando
1057 970 1076 1011 a

121 1042 248 1099 Pollione
263 1043 301 1099 ad
315 1059 433 1099 coenam
446 1042 578 1099 invitatus
592 1042 664 1098 vidit
684 1043 721 1097 ibi
735 1041 930 1097 Alexandrum
945 1053 1075 1112 puerum,

123 1126 170 1196 qui
183 1126 301 1182 Pollioni
315 1144 333 1183 a
345 1128 454 1199 poculis
469 1132 537 1195 erat,
553 1126 669 1197 eiusque
683 1142 779 1182 amore
791 1126 828 1180 ita
841 1124 953 1192 exarsit,
966 1129 997 1178 ut
1011 1138 1076 1178 erun

122 1208 251 1264 Alexidis
272 1212 385 1265 nomine
399 1210 454 1266 hac
466 1210 574 1281 Ecloga
589 1212 753 1266 celebraret.
776 1207 816 1289 Cf.
832 1208 945 1280 Apulei.
960 1206 1076 1281 Aporop.
1114 1240 1117 1245 ·

120 1308 151 1364 p.
166 1285 238 1350 449.
253 1292 298 1347 ed.
311 1292 448 1350 Wouver.
489 1295 576 1349 Pollio
598 1296 721 1351 carmine
742 1295 780 1350 ita
801 1293 954 1349 dolectatus
970 1296 1027 1361 est,
1048 1294 1077 1345 ut

122 1374 316 1431 Alexandrum
332 1380 433 1447 poetae
448 1377 575 1435 donaret.
609 1378 744 1450 Virgilius
758 1393 829 1434 vero
844 1376 916 1431 sicut
928 1392 982 1447 pro
996 1390 1076 1431 more

121 1461 166 1516 sui
181 1460 246 1517 aevi
260 1476 279 1515 a
288 1476 442 1531 puerorum
456 1477 552 1517 amore
566 1478 623 1517 non
634 1463 741 1518 alienus
753 1462 817 1531 luit,
834 1462 871 1517 ita
881 1466 975 1517 umen
985 1459 1075 1515 Asco-

121 1545 169 1599 nio
184 1550 256 1600 teste
271 1542 467 1599 Alexandrum
477 1544 554 1599 haud
568 1545 708 1615 impudice
724 1546 843 1612 amavit,
865 1545 917 1600 sed
932 1560 996 1600 eum
1015 1545 1076 1599 lile·

120 1645 168 1684 ras
180 1627 276 1685 docuit
292 1628 561 1700 grammaticumque
578 1629 648 1683 lecit.
687 1627 727 1684 Ci.
740 1627 895 1683 Weiehert.
909 1629 927 1682 1.
941 1643 966 1682 c.
979 1644 1008 1697 p.
1024 1626 1076 1686 88.

121 1729 182 1783 sqq.
199 1718 226 1768 et
239 1712 346 1768 Genthe
361 1713 391 1767 in
409 1710 470 1768 Vita
487 1711 601 1783 Virgilii,
618 1728 703 1782 quam
716 1711 841 1768 versioni
852 1711 983 1765 metricae
994 1710 1076 1764 Ecle-

121 1813 221 1867 garum
234 1797 346 1869 Virgilii
358 1795 481 1864 addidit,
496 1812 525 1868 p.
535 1793 588 1856 83.
599 1811 661 1866 sqq.
674 1796 808 1851 Martialis
820 1793 933 1865 quidem
944 1793 1013 1848 Vill.
1026 1791 1077 1853 56.

124 1876 198 1952 [coll.
213 1880 385 1953 Epigramm.
398 1880 433 1935 V.
446 1877 496 1940 16.
509 1885 537 1936 et
546 1879 605 1935 VII.
618 1879 668 1941 26.
683 1885 767 1951 atque
778 1880 895 1935 Herder.
909 1879 938 1933 in
951 1876 1076 1934 britnod.

129 1962 262 2019 Wsildcm
274 1964 308 2019 ΙΙ.
323 1982 351 2037 p.
369 1962 439 2025 188.
454 1962 530 2039 sqq]
544 1964 619 2021 banc
632 1964 761 2020 Alexidis
777 1965 898 2019 tabulam
912 1962 950 2019 ad
964 1962 1076 2017 Maece·

122 2050 217 2100 reatem
230 2049 330 2114 reiert;
344 2049 397 2104 sed
411 2065 467 2104 non
483 2055 619 2120 apparet,.
631 2048 774 2120 quomedo
788 2054 889 2120 poeta,
909 2047 955 2118 qui
968 2063 1021 2119 per
1033 2053 1075 2102 to-

122 2138 183 2184 tum
200 2144 302 2185 annum
315 2130 445 2187 Andibus
459 2133 542 2202 vixit,
565 2132 621 2189 boc
634 2140 761 2205 tempore
776 2132 948 2187 Maecenatis
967 2130 1077 2187 Romae

123 2213 253 2284 degentis
268 2229 387 2269 coenam
403 2215 481 2271 adire
495 2218 623 2287 potuerit.
651 2219 749 2288 Neque
763 2217 871 2288 Eeloga
885 2216 992 2273 seriore
1005 2220 1075 2270 tem·

122 2312 194 2369 pore
215 2297 320 2368 scripta
340 2314 405 2353 csse
424 2303 536 2373 potest.-
569 2299 745 2357 Grammatici
767 2309 860 2357 autem
880 2317 899 2356 a
912 2299 1077 2355 Maecenate

123 2396 236 2453 quoque
250 2381 369 2452 Virgilio
390 2380 546 2453 aliquando.
564 2392 683 2454 puerum
707 2383 838 2441 Cebetem
861 2385 994 2441 donatum
1011 2397 1077 2439 esse

123 2471 249 2521 narrant.
285 2465 357 2521 Hinc
370 2464 504 2522 Martialis
518 2464 596 2522 haud
610 2466 694 2523 dabla
709 2474 856 2538 utramque
871 2470 994 2528 tabulam
1008 2481 1075 2522 een·

122 2549 193 2604 indit
209 2555 251 2618 et,
266 2548 439 2605 Maecenatis
454 2550 553 2605 merita
566 2552 595 2606 in
609 2548 757 2622 Virgilium
778 2553 940 2622 celebrans,
963 2552 1076 2623 poetica

122 2634 230 2689 ratione
245 2632 311 2687 huic
330 2634 441 2703 tribuit,
456 2649 529 2705 quae
542 2634 660 2690 Pollioni
674 2635 823 2695 tribuenda
837 2637 955 2691 luerunt
997 2634 1077 2691 Idem

122 2717 187 2774 lecit
199 2717 362 2788 Propertius
378 2712 477 2777 11234.
493 2714 586 2793 [26.],
610 2719 657 2789 qui
673 2720 794 2775 carmina
810 2721 937 2776 bucolica
957 2736 991 2774 eo
1007 2725 1076 2774 tem·

121 2817 209 2873 pora,
224 2817 281 2873 quo
294 2802 402 2859 Aeneis
413 2802 517 2874 scriptu
528 2809 586 2871 est,
600 2804 754 2874 composita
767 2821 831 2859 esse
842 2804 924 2859 canit.
946 2800 1076 2860 Ceterum

122 2885 241 2942 Vossius
262 2886 302 2943 od
319 2886 380 2942 Eeb
401 2886 449 2941 VI.
471 2881 524 2946 74.
543 2903 616 2941 anne
642 2888 789 2959 superiore
809 2886 884 2944 (lirin
905 2903 924 2942 a
945 2884 1074 2943 Cornelio

123 2967 210 3037 Galle,
216 2972 348 3043 scriptam
363 2987 427 3026 essa
442 2986 479 3026 ex
492 2971 622 3027 cumbris
644 2972 720 3027 initio
735 2968 776 3045 [1.
790 3002 834 3015 --
846 2966 910 3045 47.]
931 2970 1075 3039 conclusit,

123 3058 207 3122 atque
227 3069 268 3111 ex-
284 3055 344 3111 mus
364 3072 409 3112 vs.
425 3052 495 3115 208.
512 3060 539 3111 et
554 3053 627 3115 370.
641 3055 766 3128 Eclogae
786 3054 929 3112 secundae
943 3070 988 3112 vs.
1003 3052 1033 3115 b.
1048 3061 1076 3111 et

123 3133 174 3195 11.
190 3152 356 3208 expressum
370 3155 435 3199 essa
449 3142 620 3199 observavit.
662 3140 744 3208 Quod
759 3139 783 3195 si
797 3143 970 3208 verumest,
989 3144 1075 3212 poeta

122 3222 179 3277 iam
193 3220 249 3277 boc
264 3238 338 3279 anno
354 3224 526 3295 cum-Gallo,
549 3240 633 3296 quem
648 3240 723 3281 anno
737 3222 866 3294 sequenti
880 3223 952 3282 inter
964 3221 1075 3295 Virgilii

122 3307 229 3362 amieos
244 3307 330 3363 luisse
345 3316 467 3379 constat,
482 3310 631 3366 amicitiam
646 3307 798 3365 contraxit..
823 3306 1008 3379 Atque-haud
1021 3306 1074 3363 du-

120 3392 167 3448 bio
182 3406 235 3464 per
249 3390 419 3462 Pollionem,
438 3394 483 3449 cui
499 3393 594 3451 Gallus
610 3392 778 3449 adolescens
798 3391 858 3449 ium
878 3406 904 3448 a
918 3388 994 3452 710.
1006 3404 1084 3447 eom.
