2326 3780
360 106 553 169 Aruernos
574 80 721 169 nm'vr.
957 112 1018 177 roa

64 263 187 326 Fronde
202 260 302 322 virere
316 275 408 334 nova,
423 261 508 334 quod
522 275 584 319 non
599 276 656 319 sua
670 261 800 323 seminat
813 263 914 341 arboe,

65 350 104 409 Et
118 362 228 407 croceo
245 348 308 405 letu
321 351 432 404 teretes
448 345 637 405 circumdare
650 351 793 407 truncosz

65 434 147 492 Talis
163 438 227 490 erat
242 430 363 506 species
380 430 445 488 auri
460 428 631 488 frondentis
646 443 745 504 opaca

67 518 148 591 llice,
164 516 209 575 sic
223 515 283 574 leni
299 512 468 588 crepitabat
480 512 606 573 bractea
617 520 722 573 vento.
853 566 858 573 .

67 600 199 675 Corripit
213 601 336 658 Aeneas
351 598 514 673 extemplo,
528 596 703 673 avidusque
716 598 854 674 refringit
967 610 1021 665 llo

67 687 272 757 Cunctantem,
287 690 317 742 et
329 682 409 742 vatis
423 688 524 757 portat
537 681 595 741 sub
608 687 688 741 tecta
702 681 849 761 Sibyllae.

106 770 168 828 Nec
183 769 282 827 minus
298 769 413 826 interea
426 765 577 827 Misenum
591 767 622 825 in
637 766 724 826 litore
736 767 845 829 Teucri

64 853 200 927 Flebant,
215 859 244 912 et
259 851 352 911 cineri
367 851 485 925 ingrato
501 866 645 926 suprema
658 851 806 911 terebant.

63 938 215 1012 Principio
231 937 375 1012 pinguem
389 935 489 995 taedis
504 942 534 994 et
546 934 659 995 robore
675 942 760 997 secto

64 1023 220 1096 Ingentem
236 1028 376 1080 struxere
391 1036 509 1095 pyram,
525 1020 573 1079 cui
588 1020 748 1081 frondibus
763 1021 837 1081 atris
966 1030 1019 1085 215

63 1108 204 1165 intexunt
218 1107 321 1180 latera,
337 1105 492 1163 etlerales
508 1110 577 1163 ante
592 1106 759 1180 cupressos

65 1191 264 1263 constituunt,
281 1190 489 1262 decorantque
504 1204 598 1263 super
613 1189 799 1264 fulgentibus
814 1188 917 1251 armis.

63 1275 137 1333 Pars
154 1274 272 1332 calidos
287 1273 393 1331 latices
411 1279 440 1331 et
454 1272 553 1330 ahena
566 1272 713 1333 undantia
726 1273 859 1335 llammia

63 1358 247 1431 Expediunt,
263 1371 439 1429 corpusque
453 1356 556 1414 lavant
571 1356 708 1429 frigentis
723 1365 752 1415 et
765 1364 912 1432 unguunt

63 1441 112 1501 Fit
126 1440 273 1513 gemitus3
296 1447 359 1498 tum
373 1437 510 1496 membra
522 1444 590 1497 toro
607 1439 720 1500 defleta
733 1449 895 1517 reponunt,
966 1451 1020 1505 πο

64 1525 300 1597 Purpureusque
316 1536 410 1595 super
424 1529 537 1593 vostea,
553 1523 706 1583 velamina
719 1531 800 1600 nota,

66 1606 243 1668 Coniiciunt
272 1605 346 1664 Pars
362 1605 474 1679 ingenti
490 1605 611 1664 subiere
626 1605 757 1665 feretro·

63 1692 162 1751 Triste
177 1689 410 1762 ministerium,
433 1695 462 1747 et
477 1688 643 1748 subiectam
658 1705 744 1749 more
758 1697 917 1766 parentum

64 1776 176 1834 Aversi
192 1782 316 1834 tenuere
332 1774 439 1832 lacem.
469 1773 621 1846 Congesta
634 1782 805 1834 cremantur

62 1863 162 1920 Truea
176 1860 267 1932 dona,
284 1859 391 1933 dapes,
408 1858 478 1916 luso
494 1863 627 1917 crateres
642 1858 735 1918 olivo.
966 1867 1018 1919 225

63 1945 231 2020 Postquam
246 1942 376 2017 collapsi
392 1942 519 2014 cineres,
536 1948 566 2000 et
580 1941 702 2001 llamma
717 1942 847 2018 quievit;

62 2029 220 2103 Reliquias
238 2028 308 2086 vino
324 2034 354 2086 et
367 2025 501 2085 bibulam
515 2027 618 2085 lavere
633 2026 775 2102 favillain,

65 2112 208 2186 Ossaque
222 2113 302 2172 lecta
317 2110 395 2171 cado
410 2110 486 2170 texit
500 2110 679 2187 Corynaeus
694 2111 803 2173 aheno.

62 2197 148 2255 Idem
161 2204 207 2255 ter
222 2196 325 2256 socios
340 2210 418 2272 pura
432 2194 611 2254 circumtulit
624 2195 716 2270 unda,

64 2279 220 2353 Spargens
235 2295 304 2339 rore
319 2280 380 2339 levi
395 2285 426 2339 et
438 2294 523 2338 ramo
540 2278 637 2339 felicis
654 2280 762 2352 olivae,
966 2288 1017 2343 230

62 2363 277 2436 Lustravitque
291 2364 386 2437 viros,
403 2362 541 2438 dixitque
556 2363 726 2424 novissima
739 2363 843 2425 verba.

64 2447 105 2504 At
119 2446 189 2521 pius
204 2447 328 2505 Aeneas
342 2446 456 2522 ingenti
471 2448 551 2506 mole
567 2448 743 2523 sepulcrum

62 2531 203 2604 Inponit,
220 2546 338 2603 suaque
352 2546 436 2590 arma
449 2531 526 2604 viro,
541 2548 720 2609 remumque
732 2532 908 2609 tubamque,

61 2615 167 2675 Monte
182 2613 240 2673 sub
255 2614 348 2686 aerio,
365 2615 416 2688 qui
431 2632 511 2676 nunc
524 2616 662 2677 Misenus
678 2616 783 2676 abillo

60 2699 186 2771 Dicitur,
203 2704 421 2773 aeternumque
434 2706 518 2781 tenet
531 2716 589 2775 per
601 2702 725 2761 saecula
740 2718 862 2761 nomen.
966 2708 1017 2763 235

104 2784 160 2842 His
175 2783 250 2842 actis
264 2797 399 2858 propere
412 2784 589 2860 exsequitur
602 2792 768 2861 praecepta
782 2786 928 2864 Sibyllae.

61 2867 218 2941 Spelunca
232 2866 292 2926 alta
307 2866 362 2927 luit
375 2875 527 2944 vastoque
540 2868 679 2929 immanis
693 2870 785 2944 hiatu,

62 2952 209 3024 Scrupea,
225 2957 288 3010 tuta
302 2953 370 3011 lacu
385 2952 472 3027 nigro
488 2968 707 3028 nemorumque
721 2953 864 3028 tenebriS,

62 3034 159 3107 Quam
175 3050 268 3109 super
280 3034 363 3096 haud
377 3037 459 3097 ullae
473 3044 614 3112 poterant
627 3038 752 3113 impune
765 3039 905 3097 volantes

60 3118 200 3179 Tendere
215 3118 271 3178 iter
283 3121 408 3194 pennis:
431 3121 500 3181 talis
516 3137 588 3182 sese
601 3122 713 3181 halitus
728 3122 803 3181 atris
965 3128 1018 3182 alo

58 3201 213 3265 Faucibus
228 3202 389 3265 effundens
405 3222 517 3280 supera
531 3206 571 3265 ad
586 3220 726 3265 convexa
739 3204 870 3274 ferebat;

59 3287 162 3368 [Unde
176 3287 276 3348 locum
292 3289 373 3348 Graii
388 3289 532 3349 dixerunt
545 3290 670 3351 nomine
685 3291 845 3360 Aornona

59 3374 195 3448 Quatuor
207 3372 257 3430 hic
270 3373 347 3448 prim
352 3390 400 3433 um
415 3374 575 3450 nigrantes
588 3382 682 3454 terga
695 3376 861 3435 iuuencos

96 3470 251 3512 maerores.
808 3464 850 3517 aa
