2326 3780
406 181 602 251 AENEIDOS
622 184 732 242 Llsssl.

96 334 307 407 Collectasquc
322 333 406 408 lugat
420 333 518 395 nubes
533 334 692 409 solemque
706 334 831 395 reducit.

95 417 263 495 Cymothoe
278 418 366 476 simul
382 424 412 476 et
424 418 527 478 Triton
542 419 673 477 annixus
688 426 776 477 acuto

93 502 262 562 Detrudunt
276 516 371 560 naves
388 503 532 577 scopulo;
555 503 636 560 levat
650 502 717 576 ipse
730 501 860 575 tridenti,
994 512 1040 566 115

92 587 131 646 Ε1
143 594 247 646 vastas
262 585 359 660 aperit
374 584 491 661 Syrtes,
507 592 537 645 et
551 591 699 660 temperat
713 600 838 661 aequor,

92 672 194 744 Atque
209 669 283 728 rotis
299 685 434 729 summas
449 669 569 729 levibus
582 669 748 745 perlabitur
761 670 871 729 undas.
945 720 948 725 .

93 756 140 812 Ac
153 754 246 812 veluti
261 768 371 827 magno
386 753 416 811 in
431 755 547 829 populo
563 770 656 829 quum
671 768 766 828 saepe
781 762 885 814 coorta
899 762 947 814 cst

95 836 220 911 Seditio,
235 838 394 912 saevitque
409 838 518 898 animis
533 836 666 912 ignobile
681 839 798 912 vulgus,

93 920 217 995 lamque
231 920 316 981 laces
331 928 361 980 et
375 937 452 980 saxa
465 924 578 994 volant,
594 921 678 980 luror
691 937 776 980 arma
788 921 951 993 ministrat;
992 930 1045 984 150

93 1004 175 1078 Tum,
190 1004 301 1078 pietate
314 1020 439 1080 gravem
454 1021 490 1066 ac
504 1006 617 1064 meritis
633 1007 659 1064 si
674 1005 752 1064 lorte
766 1005 865 1065 virum
880 1022 970 1081 quern

95 1087 299 1162 Conspexere,
314 1090 405 1150 silent
418 1090 605 1166 arrectisque
618 1089 742 1149 auribus
757 1090 886 1165 adstant,

93 1171 147 1229 ille
161 1172 238 1245 regit
252 1171 340 1232 dictis
356 1173 482 1247 animos,
499 1179 529 1232 et
543 1180 669 1249 pectora
682 1177 808 1233 mulcet:

95 1253 146 1314 Sic
161 1262 286 1314 cunctus
301 1256 402 1329 pelagi
416 1257 525 1315 cecidit
539 1258 651 1331 lragor,
666 1272 802 1332 aequora
815 1266 980 1334 postquam

92 1338 288 1412 Prospiciens
302 1338 429 1413 genitor,
444 1341 594 1415 coeloque
607 1340 745 1399 invectus
760 1350 877 1417 aperto,
993 1352 1046 1404 155

93 1421 187 1481 Flecit
202 1437 309 1496 equos,
325 1437 476 1497 curruque
490 1424 599 1483 volans
615 1424 667 1482 dat
680 1425 746 1482 lora
761 1426 907 1485 secundo.

134 1504 256 1564 Defessi
271 1506 444 1578 Aeneadae,
462 1522 541 1580 quae
555 1507 695 1581 proxima
708 1508 805 1581 litora,
821 1524 913 1569 cursu

95 1590 285 1650 contendunt
298 1595 411 1664 petere,
427 1596 457 1648 et
469 1590 586 1666 Libyae
599 1596 756 1650 vertuntur
769 1592 809 1650 ad
824 1606 904 1654 oras.

92 1674 147 1732 Est
159 1673 191 1732 in
205 1675 332 1732 secessu
346 1674 439 1748 longo
454 1676 555 1734 locus:
578 1674 678 1733 insula
692 1681 813 1748 portum

91 1757 192 1816 Elficit
206 1756 326 1816 obiectu
339 1759 475 1831 laterum,
493 1757 603 1833 quibus
619 1757 717 1816 omnis
730 1757 768 1815 ab
780 1760 840 1816 alto
994 1768 1048 1823 160

91 1840 250 1916 Frangitur
263 1841 355 1917 inque
370 1842 456 1900 sinus
471 1841 582 1901 scindit
597 1856 668 1901 sese
681 1841 765 1901 unda
779 1841 933 1901 reductos.

91 1925 168 1984 Hinc
183 1932 274 2000 atque
287 1924 358 1984 hinc
374 1933 479 1984 vastae
493 1941 587 2000 rupes
602 1925 775 2000 geminique
790 1925 941 1985 minantur

91 2011 126 2068 ln
141 2010 260 2068 coelum
275 2010 404 2085 scopuli,-
420 2024 550 2084 quorum
565 2009 623 2069 sub
640 2009 751 2068 vertice
765 2010 825 2069 late

90 2096 237 2168 Aequora
249 2100 313 2152 tuta
328 2095 428 2163 silent3
453 2101 515 2153 tum
530 2093 617 2153 silvis
632 2109 726 2153 scena
741 2093 877 2153 coruscis

90 2175 231 2252 Desuper
244 2177 440 2252 horrentique
455 2185 551 2237 atrum
565 2193 672 2237 nemus
687 2178 821 2237 imminet
831 2176 948 2237 umbra.
991 2184 1044 2241 165

89 2258 201 2320 Fronte
216 2261 273 2320 sub
288 2262 421 2321 adversa
435 2262 572 2337 scopulis
587 2260 791 2337 pendentibus
806 2270 938 2333 antrum3

90 2344 173 2403 Intus
189 2360 288 2419 aquae
304 2346 409 2406 dulces
426 2346 561 2420 vivoque
576 2345 686 2405 sedilia
700 2361 787 2419 saxo,

45 2498 52 2509 .
90 2428 297 2504 Nympharum
311 2429 431 2490 domus.
465 2430 522 2490 Hic
536 2430 637 2489 fessas
652 2444 713 2489 non
728 2429 850 2490 vincula
863 2446 959 2491 naves

90 2512 158 2572 Ulla
171 2517 282 2583 tenent,
297 2528 377 2572 unco
392 2529 455 2572 non
470 2515 572 2589 alligat
586 2528 706 2573 ancora.
713 2528 827 2573 morsu.

89 2595 156 2655 Huc
172 2602 290 2670 septem
302 2596 425 2655 Aeneas
441 2599 577 2658 collectis
591 2597 722 2657 navibus
738 2597 819 2657 omni
992 2601 1044 2658 llo

88 2678 136 2737 Ex
150 2693 276 2739 numero
292 2678 382 2751 subit,
399 2695 434 2738 ac
448 2696 558 2756 magno
573 2681 689 2742 telluris
702 2696 807 2741 amore

88 2762 214 2836 Egressi
230 2770 332 2837 optata
346 2762 500 2838 potiuntur
513 2766 608 2827 Troes
624 2780 725 2839 arena,

89 2845 127 2904 Et
142 2848 206 2906 sale
221 2846 358 2906 tabentes
374 2854 458 2905 artus
474 2847 607 2908 inlitora
621 2856 749 2925 ponunt.

88 2931 136 2989 Ac
150 2931 280 3004 primurn
294 2931 371 2990 silici
386 2930 547 2991 scintillam
562 2934 685 2992 excudit
698 2933 841 3007 Achates

90 3013 294 3090 suscepitque
309 3015 409 3090 ignem
423 3013 514 3088 foliis,
529 3022 622 3089 atque
636 3016 722 3075 arida
737 3018 850 3077 circum
989 3019 1042 3075 175

88 3097 273 3163 Nutrimenta
288 3099 380 3172 dedit,
394 3098 556 3173 rapuitque
569 3100 600 3157 in
615 3099 720 3159 fomite
734 3098 902 3170 flammam

89 3180 163 3241 Tum
178 3181 317 3242 Cererem
332 3189 505 3256 corruptam
520 3182 611 3242 undis
627 3183 824 3258 Cerealiaque
838 3198 923 3243 arma

85 3263 262 3341 Expediunt
275 3267 351 3327 lessi
365 3282 474 3339 rerum,
489 3266 656 3341 frugesque
670 3274 811 3340 receptas

85 3349 125 3419 Et
138 3357 254 3409 torrere
268 3357 377 3425 parant
391 3349 521 3410 flammis
537 3357 566 3409 et
581 3350 721 3424 frangere
736 3365 823 3409 saxo.

86 3434 209 3496 Aeneas
225 3435 385 3510 scopulum
399 3435 514 3495 interea
529 3433 708 3494 conscendit
722 3441 751 3493 et
766 3448 885 3494 omnem
990 3437 1041 3490 luo
1104 3452 1108 3457 ·
1150 3475 1154 3482 .
