2326 3780
111 182 176 249 334
385 179 417 239 Ρ.
439 178 601 239 vlnetllt
623 177 824 241 MARONIS

109 334 278 397 Ascanium
293 334 370 395 lusis
386 333 500 393 circum
514 330 739 406 complectitur
752 333 869 408 armis,

111 420 297 493 Summaque
312 434 368 494 per
380 419 500 493 galeam
515 414 658 477 delibans
672 418 795 477 oscula
811 418 914 477 latur:

110 504 231 579 „Disce
247 518 332 578 puer,
346 503 488 561 virtutem
502 516 543 559 ex
555 513 605 557 me
619 514 806 577 verumque
820 502 975 577 laborem,
1030 510 1063 561 itt

111 588 294 663 „Fortunam
308 602 349 646 ex
362 586 442 645 eliis.
475 584 561 643 Nunc
575 590 606 643 te
620 598 694 643 mee
710 584 855 645 dextera
870 586 955 645 bello

37 680 41 687 '
111 672 298 747 „Deiensnm
313 669 405 745 dabit,
421 676 451 729 et
464 683 576 742 magne
589 667 669 727 inter
682 670 837 743 praemia
853 670 959 731 ducet.

111 756 174 830 „Tu
188 756 289 829 tacito,
306 770 379 813 mox
394 769 489 828 quum
503 757 619 811 mature
633 751 820 815 adoleverit
834 761 938 827 aetas,

111 838 181 914 „Sis
195 854 321 911 memor,
336 844 367 898 et
379 844 419 911 te,
434 837 535 897 animo
548 840 745 910 repetentem
758 840 918 914 exempla
931 845 1048 900 tuoruu.

111 923 168 998 „Et
180 930 269 997 pater
281 924 405 981 Aeneas
419 928 450 982 et
463 920 633 981 avunculus
648 920 768 981 excitet
780 920 939 983 Hector.“
1035 932 1069 981 et

150 1006 234 1065 Haec
249 999 302 1065 ubi
316 1006 398 1065 dieta
412 1005 505 1079 dedit,
520 1003 618 1079 portis
632 1018 706 1065 sese
721 1006 841 1065 extulit
855 1007 982 1082 ingene,

111 1090 214 1152 Telum
229 1090 360 1148 immane
373 1104 466 1148 manu
481 1088 634 1163 quatiens,
657 1088 754 1149 simul
768 1090 903 1163 agmine
919 1092 1017 1149 denso

111 1172 312 1246 Antheusque
325 1172 567 1247 Mnestheusque
579 1178 681 1243 ruunt,
697 1174 875 1250 omnisque
890 1175 1008 1234 relictis

111 1255 210 1315 Turba
223 1254 293 1343 fluit
304 1256 424 1317 castris.
458 1257 533 1315 Tum
547 1271 641 1316 caeco
655 1256 790 1330 pulvere
806 1274 947 1334 campus

110 1340 263 1413 Miscetur,
278 1340 433 1414 pulsuque
447 1341 561 1415 pedum
574 1338 674 1399 neunt
688 1340 795 1401 exeita
808 1342 921 1403 tellus.
1034 1350 1072 1401 tu

110 1422 195 1481 Vidit
208 1423 247 1483 ab
261 1423 395 1483 adverso
411 1425 568 1485 venientes
582 1438 695 1498 aggere
709 1422 850 1499 Turnus

110 1508 225 1566 Videre
238 1508 379 1580 Ausonii,
393 1508 576 1583 gelidusque
590 1522 647 1582 per
659 1506 720 1566 ime
735 1510 882 1570 cucurrit

112 1590 191 1652 Ossa
204 1599 333 1663 tremor3
356 1592 455 1667 prime
467 1597 537 1651 ante
551 1606 659 1650 omncs
672 1591 800 1651 luturna
814 1593 954 1655 Latinos

110 1676 216 1735 Audiit
231 1676 417 1750 agnovitque
432 1692 550 1746 sonum,
566 1681 597 1734 ct
609 1674 789 1735 tremefacta
803 1677 936 1753 refugit.

110 1760 165 1820 lllc
179 1760 270 1834 volat,
286 1775 458 1834 campoque
473 1766 570 1823 utrum
583 1758 663 1833 rapit
675 1774 788 1832 agmen
803 1770 934 1835 aperto.
1037 1770 1079 1823 tot

112 1843 215 1916 Qualis
231 1843 282 1903 ubi
298 1843 338 1903 ad
351 1850 448 1903 terres
463 1842 591 1918 abrupto
607 1842 709 1902 sidere
723 1842 853 1903 nimbus

111 1928 136 1987 lt
150 1942 233 1986 mare
248 1943 304 2002 per
316 1927 466 1997 medium;
488 1926 619 1998 miseris,
634 1927 703 1999 heu,
718 1930 871 2000 praescia
886 1930 985 2005 longe

110 2011 299 2071 Horresount
311 2010 408 2072 corda
420 2011 581 2086 agricolis;
604 2009 688 2071 dabit
701 2010 752 2069 ille
766 2012 881 2073 ruinas

110 2094 281 2155 Arboribus
297 2101 492 2171 stragemque
505 2095 591 2166 satis,
606 2102 674 2154 ruet
688 2094 791 2153 omnio
805 2095 890 2165 late3

110 2182 191 2238 Ante
206 2179 310 2239 volant
324 2179 519 2255 sonitumque
533 2179 634 2237 ierunt
647 2179 688 2238 ad
702 2178 793 2238 litora
806 2181 915 2239 venti=
1035 2194 1081 2243 net

110 2262 190 2323 Talis
204 2262 235 2321 in
251 2262 402 2323 adversos
417 2263 527 2323 ductor
539 2262 706 2323 Rhoeteius
721 2261 831 2322 hostes

110 2348 230 2420 Agmen
244 2347 320 2420 agit,
344 2347 433 2408 densi
448 2346 554 2407 cuneis
569 2362 605 2405 se
621 2346 752 2420 quisque
765 2348 891 2409 coactis

109 2430 336 2503 Agglomerant.
370 2430 451 2491 Ferit
464 2446 540 2491 ense
552 2444 678 2504 gravem
691 2428 919 2507 Thymbraeus
930 2432 1053 2503 Osirim,

110 2511 287 2572 Archetium
301 2512 489 2588 Mnestheus,
502 2514 673 2588 Epulonem
687 2512 850 2574 obtruncat
863 2518 1022 2593 AchateS,

109 2596 311 2671 Ufentemque
327 2598 428 2675 Gyas;
451 2596 533 2658 cadit
546 2597 615 2672 ipse
627 2596 806 2657 Tolumnius
821 2614 938 2677 augur,
1035 2612 1082 2665 sco

109 2678 227 2739 Primus
242 2680 273 2738 in
288 2679 439 2743 adversos
454 2682 546 2743 telum
560 2680 613 2755 qui
627 2685 757 2741 torserat
771 2679 897 2743 hostes.

109 2763 234 2824 Tollitur
248 2763 278 2822 in
293 2765 412 2825 eoelum
427 2766 550 2840 clamor,
565 2764 709 2838 versique
724 2763 865 2825 vicissim

108 2846 321 2907 Pulverulenta
335 2849 406 2923 luga
419 2849 521 2910 Rutuli
535 2848 610 2908 dent
622 2854 709 2921 terge
722 2862 778 2923 per
791 2864 902 2923 egros.

109 2931 180 3005 lpse
194 2946 295 3006 neque
309 2947 437 2992 aversos
454 2933 595 3007 dignatur
608 2938 744 2992 sternere
757 2933 858 3005 morti,

108 3015 170 3073 Nec
184 3015 265 3090 pede
280 3030 465 3090 congressos
480 3032 590 3092 aequo,
605 3029 662 3074 nce
676 3014 737 3074 tela
751 3015 888 3079 terentes
1029 3028 1079 3083 465

108 3098 296 3173 luscquitur;
319 3100 420 3161 solum
434 3100 532 3161 densa
544 3101 575 3159 in
590 3098 719 3175 ealigine
732 3100 868 3161 Turnum

107 3180 247 3257 vestigat
260 3184 403 3258 lustrans,
418 3184 519 3245 solum
533 3184 563 3243 in
578 3184 743 3244 certamina
756 3185 871 3258 poscit.

106 3263 174 3323 Hoc
189 3280 342 3326 concussa
355 3275 437 3328 metu
451 3275 583 3328 mentem
596 3268 719 3328 Iuturna
731 3267 841 3343 virago

106 3348 251 3423 Aurigam
264 3350 356 3410 Turni
370 3351 473 3412 media
486 3350 564 3412 inter
579 3353 644 3411 lore
656 3350 820 3413 Metiscum
954 3348 957 3353 ’

105 3428 234 3509 Excutit,
249 3439 279 3493 et
293 3434 384 3512 longe
399 3437 521 3513 lapsum
532 3442 654 3495 temone
667 3435 827 3507 relinquitr
1021 3446 1074 3503 47⁰
