2326 3780
431 134 625 195 nummos
645 135 772 197 cmm.
1019 135 1082 201 les
1119 95 1129 124 Χ

124 293 199 352 Tum
214 289 317 350 senior
330 288 453 360 Nautes,
468 303 563 350 unum
576 287 711 349 Tritonia
723 287 823 347 Pallas

125 377 221 451 Quem
235 373 340 441 docuit
352 374 507 446 multaque
521 372 672 446 insignem
686 371 819 431 reddidit
832 378 905 447 arte,
1030 382 1081 439 τοι

124 462 209 520 Haec
223 472 377 533 responsa
390 456 492 531 dabat,
507 456 557 516 vet
573 472 652 530 quae
667 457 861 532 portenderet
875 457 920 517 ira

125 545 237 618 Magna
252 542 353 617 dedm,
367 542 418 601 vet
434 556 513 616 quae
528 541 658 600 fatorum
671 548 815 616 posceret
829 540 916 601 ordo.

114 630 218 704 ‘Isque
232 626 281 686 his
296 627 435 686 Aeneam
449 626 567 685 solatus
581 624 710 686 vocibus
725 624 805 685 infit:

124 713 220 789 „Nate
234 711 302 784 den,
319 725 381 786 quo
396 710 458 769 tata
472 710 593 769 trahunt
606 709 831 786 retrahuntque,
847 726 1027 786 sequarnur;

124 795 299 872 „Quidquid
313 795 378 867 erit,
393 793 570 869 superanda
581 794 679 854 omnis
691 795 812 854 fortuna
823 795 949 854 terendo
962 803 1018 856 est.
1030 802 1083 859 ⁷10

123 882 198 956 „Est
210 880 263 940 tibi
280 879 452 939 Dardanius
468 877 591 937 divinae
605 877 710 953 stirpis
724 879 869 939 Acestes=

123 965 231 1040 „Hunc
246 979 325 1039 cape
339 962 476 1022 consitiis
491 963 610 1023 socium
624 968 655 1022 et
669 963 819 1037 coniunge
833 964 996 1023 volentem.

123 1049 222 1125 „Huic
236 1048 332 1122 trade,
347 1047 471 1107 amissis
487 1053 632 1123 superant
645 1046 698 1121 qui
710 1046 850 1120 navibus,
866 1054 896 1107 et
911 1064 990 1123 quos

123 1134 320 1209 „Pertaesmn
335 1132 437 1206 magni
453 1131 566 1207 incepti
579 1147 742 1207 rerumque
756 1138 875 1191 tuarum
890 1139 951 1203 est;

124 1217 392 1292 „Longaevosque
408 1231 499 1275 senes
515 1231 552 1274 ac
567 1215 668 1275 fessas
684 1230 818 1291 aequore
832 1223 954 1288 matres,
1030 1224 1082 1280 715

122 1302 180 1377 „Et
195 1299 347 1375 quidquid
360 1306 462 1359 tecum
475 1298 642 1358 invalidum
655 1306 857 1374 metuensque
871 1300 978 1375 pericii
993 1308 1050 1374 est,

123 1385 258 1460 „Deligq
275 1389 305 1442 et
318 1383 367 1441 his
383 1382 516 1442 habeant
528 1382 617 1442 terris
633 1383 699 1441 sine
713 1384 835 1442 moenia
848 1384 939 1444 fessi:

123 1466 256 1541 „Urbem
271 1466 470 1542 appellabunt
484 1466 636 1541 permisso
652 1466 774 1526 nomine
788 1469 962 1531 Acestam.“

123 1550 246 1609 Talibus
261 1550 406 1609 incensus
422 1550 510 1609 dictis
526 1550 656 1609 senioris
671 1549 775 1620 amici;

122 1636 199 1694 Tum
213 1650 287 1693 vero
303 1634 438 1709 inauras
454 1633 554 1692 animo
570 1632 722 1694 diducitur
736 1648 853 1693 omnes.
1030 1645 1083 1699 720

124 1719 163 1778 Et
177 1734 240 1778 nox
255 1726 320 1778 atra
333 1719 440 1792 potum
453 1717 533 1791 bigis
548 1714 695 1777 subvecta
708 1717 843 1777 tenebant

124 1803 203 1862 Visa
219 1803 329 1862 dehinc
344 1803 431 1862 coeio
447 1801 542 1860 facies
557 1800 687 1876 delapsa
699 1802 834 1876 parentis

122 1886 280 1947 Anchisae
295 1887 394 1947 subito
410 1887 488 1945 tates
503 1884 660 1945 effundere
673 1901 786 1945 voces=

124 1972 230 2047 „Nate
245 1971 319 2030 mihi
333 1971 397 2031 vita
412 1969 576 2045 quondam,
592 1969 665 2029 dum
679 1970 742 2029 vita
755 1967 904 2040 manebat,

124 2055 222 2132 „Care
237 2055 344 2129 magia,
361 2062 431 2114 nate
445 2054 546 2114 iliacis
561 2054 695 2115 exercite
710 2054 789 2127 fatis,
1030 2060 1081 2116 725

123 2140 275 2217 „imperio
290 2138 373 2199 lovis
388 2138 447 2199 huc
462 2139 564 2212 venio,
581 2138 639 2213 qui·
648 2137 799 2198 classibus
815 2137 916 2212 ignem

123 2224 273 2299 „Depuiit
291 2231 320 2282 et
334 2223 422 2284 coelo
438 2224 561 2283 tandem
576 2223 737 2282 miseratus
753 2221 791 2280 ab
806 2221 867 2280 alto
882 2227 939 2281 est.

123 2307 287 2383 „Consiliis
303 2322 386 2382 pare,
404 2324 483 2382 quae
497 2322 577 2367 nunc
590 2306 795 2382 pulcherrima
808 2306 921 2365 Nautes

124 2391 202 2466 „Dat
215 2391 336 2461 senior;
360 2391 456 2452 lectos
471 2392 607 2464 iuvenes,
623 2391 790 2450 fortissima
804 2389 907 2463 corda,

122 2475 236 2551 „Desm
249 2473 280 2531 in
295 2474 425 2533 ltaliam:
446 2490 521 2549 gens
537 2474 614 2533 dura
628 2481 720 2551 atque
734 2490 846 2550 aspera
860 2474 941 2533 cuitu
1029 2482 1081 2539 ⁷30

121 2558 331 2635 ‚3Debellanda
343 2558 397 2617 tibi
411 2558 496 2618 Latio
512 2565 568 2619 est
599 2557 677 2618 Ditis
692 2564 793 2618 tamen
807 2564 876 2618 ante

120 2643 279 2719 „Infernas
295 2642 409 2701 accede
424 2641 543 2718 domos,
559 2649 589 2702 et
602 2642 726 2703 Averna
740 2658 796 2719 per
810 2644 871 2704 atta

120 2726 333 2802 „Congressus
349 2732 428 2801 pete,
444 2733 523 2799 nate,
539 2741 704 2787 meos-non
717 2743 766 2787 me
780 2727 874 2803 impia
889 2743 1021 2803 namque

120 2811 264 2885 ,‚Tartara
284 2809 398 2870 habent
410 2810 575 2885 tristesque
589 2811 724 2887 umbrae,
744 2811 802 2871 sed
816 2826 947 2871 amoena
960 2812 1079 2887 piorum

120 2894 277 2968 „concilia
289 2894 492 2972 Elysiumque
507 2896 607 2965 colo-3
629 2894 690 2956 huc
705 2902 790 2956 casta
805 2893 923 2970 Sibylla
1027 2902 1079 2959 735
1156 2922 1159 2927 ·

121 2977 301 3053 „Nigrorum
315 2979 409 3039 multo
424 2980 577 3056 pecudum
591 2985 621 3039 te
636 2980 785 3055 sanguine
800 2977 900 3039 ducet.

120 3060 215 3137 „Tum
229 3077 329 3137 genus
344 3079 435 3124 omne
449 3071 533 3125 tuum
548 3070 587 3138 et
603 3079 683 3138 quae
699 3064 809 3123 dentur
822 3061 952 3136 moenia,
965 3060 1078 3123 disces.

121 3145 267 3220 „tamque
281 3147 367 3207 veter
388 3154 510 3245 torquet
523 3147 644 3208 medios
658 3163 721 3207 nox
734 3144 861 3207 humida
874 3162 993 3220 cursus,

121 3230 178 3304 ‚Et
192 3245 242 3299 me
256 3244 370 3292 saevus
385 3233 473 3307 equis
490 3231 597 3292 Oriens
613 3230 730 3290 afflavit
744 3228 892 3290 anhelisf‘

120 3313 256 3388 Dixerat,
273 3321 304 3373 et
316 3321 425 3377 tenues
440 3317 524 3392 fugit,
541 3332 597 3377 ceu
612 3314 726 3390 i,urnus
739 3315 774 3375 in
787 3329 899 3374 auras
1040 3318 1105 3368 'teto

119 3402 245 3458 Aeneas
256 3398 367 3472 ,Quo“
380 3399 493 3462 deinde
507 3402 618 3479 „suist
641 3418 708 3479 quo
723 3397 913 3480 proripist“
932 3392 1050 3465 inqut&
