2326 3780
347 112 568 174 GEORGICON
588 113 661 171 LlB.
683 114 720 171 ll.
965 111 1005 176 47

53 270 178 345 Pinguis
192 270 264 329 item
280 282 361 344 quae
374 267 415 327 sit
427 268 529 341 tellus,
543 266 603 347 hoo
618 266 752 341 denique
765 274 855 343 pacto

53 355 221 416 Discimus=
243 352 334 412 Haud
347 367 493 427 umquam
506 350 648 410 manibus
662 351 773 411 iactata
787 350 908 425 fatiscit,

55 439 118 500 Sed
133 440 211 515 picis
227 438 257 497 in
272 451 389 498 morem
402 436 443 494 ad
457 434 570 510 digitos
585 434 724 495 lentescit
738 435 890 495 habendo.
955 437 1008 492 250

54 524 186 583 llumida
198 523 331 581 maiores
345 519 458 579 herbas
473 519 533 594 alit,
551 518 681 594 ipsaque
696 520 777 579 iusto

53 607 186 667 Laetior.
212 605 263 666 Ah
276 605 400 665 nimium
414 618 454 663 ne
468 602 507 663 sit
519 602 593 663 mihi
608 603 714 664 fertilis
728 604 788 678 illa,

55 693 122 750 Neu
137 706 171 751 se
185 690 392 766 praevalidam
405 687 512 764 primis
528 687 670 748 ostendat
684 687 800 747 aristis!

57 776 141 853 Quae
154 774 257 849 gravis
272 781 328 849 cst,
349 773 419 849 ipso
434 772 556 831 tacitam
571 786 606 831 se
619 771 759 846 pondere
773 772 884 847 prodit,
955 772 1008 829 rol

57 859 204 934 Quaeque
217 858 304 918 levis.
328 857 481 921 Promtum
495 863 543 917 est
558 856 656 917 oculis
670 855 867 930 praediscere
881 855 1006 931 nigram,

53 944 92 1004 Et
107 943 175 1020 quis
192 942 241 1002 cui
256 943 350 1001 color.
372 941 414 1001 At
429 942 611 1001 sceleratum
626 939 789 1015 exquirere
804 940 900 1015 frigus
955 942 1008 998 256

56 1028 185 1087 Difficile
201 1033 264 1086 esta
286 1027 393 1101 piceae
406 1031 522 1085 tanturn
535 1024 662 1100 taxique
676 1031 823 1084 nocentes

52 1112 217 1186 interdum,
233 1117 286 1170 aut
299 1110 434 1170 hederae
447 1109 587 1185 pandunt
600 1109 733 1184 vestigia
746 1109 861 1184 nigrae.

94 1197 150 1256 His
166 1193 398 1269 animadversis,
412 1200 525 1253 terram
538 1194 632 1253 multo
648 1199 718 1253 ante
732 1200 882 1253 memento

52 1282 239 1355 Excoquere
254 1286 284 1338 et
297 1293 428 1353 magnos
444 1278 608 1338 scrobibus
624 1278 787 1338 concidere
801 1284 929 1352 montes,
956 1282 1008 1336 260

55 1366 136 1423 Ante
151 1362 310 1437 supinatas
324 1363 471 1437 Aquiloni
487 1363 650 1422 ostendere
664 1361 781 1436 glebas,

56 1447 153 1520 Quam
167 1446 279 1504 laetum
293 1445 425 1507 infodias
439 1447 510 1507 vilis
524 1462 632 1522 genus.
657 1443 775 1520 Optima
789 1446 868 1519 putri

57 1532 142 1591 Arna
156 1528 240 1588 solo:
262 1528 294 1586 id
307 1530 390 1588 venti
404 1537 510 1590 curant
523 1529 706 1605 gelidaeque
721 1529 856 1604 pruinae,

55 1615 94 1674 Et
107 1611 258 1672 labefacta
270 1627 399 1672 movens
412 1613 557 1674 robustus
571 1615 678 1688 iugera
691 1615 804 1674 fossor.

56 1700 107 1771 At,
123 1696 149 1757 si
166 1710 246 1772 quos
259 1694 344 1756 haud
356 1696 419 1755 ulla
436 1697 519 1757 viros
532 1698 691 1773 vigilantia
705 1697 790 1772 fugit,
957 1700 1009 1755 265

56 1784 137 1842 Ante
150 1779 253 1840 locum
268 1779 398 1840 similem
412 1781 583 1857 exquirunt,
598 1783 650 1842 ubi
665 1783 763 1857 prima
776 1787 901 1856 paretur

55 1864 228 1925 Arboribus
243 1879 335 1940 seges
351 1870 381 1924 et
396 1880 457 1940 quo
471 1880 544 1925 mox
560 1866 680 1941 digesta
694 1869 817 1940 feratur,

54 1950 201 2010 Mutatam
214 1950 356 2024 ignorent
370 1950 470 2011 subito
486 1966 526 2010 ne
541 1951 659 2011 semina
672 1959 807 2012 matrem.

55 2033 133 2109 Quin
149 2033 240 2093 etiarn
254 2034 332 2093 coeli
346 2034 504 2109 regionem
518 2035 549 2093 in
564 2036 678 2096 cortice
693 2037 823 2112 signant,

53 2119 104 2193 Ut,
127 2134 188 2193 quo
205 2132 348 2193 quaeque
361 2119 455 2178 modo
471 2119 597 2193 steterit,
619 2136 681 2196 qua
694 2127 781 2195 parte
796 2121 915 2179 calores
958 2122 1012 2178 ato
1124 2164 1128 2173 .

54 2201 223 2262 Austrinos
237 2202 348 2276 tulerit,
365 2218 445 2277 quae
459 2209 547 2278 terga
561 2202 726 2264 obverterit
741 2204 800 2279 axi,

54 2286 245 2347 Restituunt:
268 2285 347 2346 adeo
363 2286 393 2345 in
407 2286 523 2347 teneris
539 2300 745 2349 consuescere
759 2289 885 2349 multum
901 2296 956 2348 est.

100 2370 236 2430 Collibus
250 2385 289 2429 an
303 2370 395 2444 plano
409 2371 519 2431 melius
534 2372 574 2431 sit
586 2387 703 2447 ponere
718 2373 818 2447 vitem,

56 2452 175 2528 Quaere
189 2451 286 2529 prius.
315 2451 348 2513 Si
362 2454 484 2531 pinguis
499 2471 591 2530 agros
606 2455 760 2517 metabere
774 2459 882 2533 campi,

55 2539 162 2598 Densa
176 2552 260 2597 sere:
281 2536 313 2596 in
328 2537 426 2598 denso
441 2555 503 2600 non
519 2540 643 2615 segnior
656 2539 750 2601 ubere
763 2540 919 2613 Bacchus;
959 2544 1012 2600 275

56 2621 111 2682 Sin
125 2620 248 2681 tumulis
263 2621 379 2681 acclive
394 2623 494 2684 solum
508 2625 666 2699 collesque
681 2626 818 2701 supinos,
915 2682 918 2687 .

55 2706 185 2781 Indulge
200 2705 373 2778 ordinibus3
396 2722 453 2767 nec
467 2709 569 2769 secius
585 2710 692 2783 omnis,
708 2709 740 2769 in
753 2726 886 2785 unguem

58 2788 228 2850 Arboribus
242 2790 362 2866 positis,
383 2799 468 2853 secto
483 2794 535 2853 via
548 2793 641 2854 limite
656 2784 795 2869 quadret.

57 2873 99 2933 Ut
113 2888 207 2949 saepe
220 2874 334 2950 ingenti
347 2875 429 2937 bello
446 2894 539 2953 quum
553 2878 645 2954 longa
660 2878 802 2939 cobortes

56 2957 212 3032 Explicuit
224 2958 313 3035 legio,
328 2966 358 3020 et
373 2976 482 3037 campo
498 2963 579 3022 stetit
593 2978 702 3039 agmen
716 2968 833 3039 aperto,
959 2962 1014 3021 280

56 3042 260 3117 Directaeque
273 3043 367 3117 acies,
383 3060 420 3105 ac
435 3047 495 3107 late
509 3045 636 3109 fluctuat
649 3046 748 3108 omnis
760 3098 764 3105 .

55 3130 140 3188 Aere
154 3127 304 3189 renidenti
316 3130 417 3203 tellus,
432 3131 563 3192 necdum
577 3131 703 3192 horrida
716 3130 845 3201 miscent

54 3211 185 3286 Proelia,
200 3212 259 3273 sed
272 3211 386 3275 dubius
399 3215 510 3277 mediis
523 3216 606 3276 Mars
621 3221 701 3276 errat
714 3215 745 3274 in
761 3214 868 3276 armis=

57 3296 167 3358 Omnia
181 3296 243 3359 sint
255 3297 382 3374 paribus
395 3299 529 3362 numeris
544 3300 683 3361 dimensa
695 3298 822 3371 viarum,

55 3381 126 3441 Non
141 3381 274 3443 animum
287 3383 381 3445 modo
396 3383 440 3445 uti
453 3391 562 3461 paseat
575 3389 759 3463 prospectus
772 3381 907 3459 inanem,
959 3386 1019 3443 aab
