2326 3780
351 188 544 250 AENEIDOS
564 190 637 251 LIB.
651 188 715 251 xii.
941 184 1004 251 ³37

121 345 191 405 nesi
208 343 315 404 domus
331 343 400 416 alta,
414 342 482 402 solo
495 340 644 402 Laurente
658 342 839 417 sepulcrum.
929 390 939 406 ,

121 446 155 489 ae
170 430 248 487 adeo
263 441 432 486 conversae
445 425 537 498 acies,
553 440 720 500 omnesque
732 426 837 499 Latini,

122 529 175 573 nes
189 510 390 581 Dardanidae,
406 508 591 582 Mnestheus,
605 524 738 584 acerque
752 508 901 585 Serestum,

122 598 275 670 ilessapas
289 594 402 668 equum
417 593 555 664 domitor,
570 598 600 650 et
613 593 698 652 iortis
712 594 824 667 Asilas,
955 604 1007 658 sto

125 694 289 753 corumque
302 679 444 753 phalanx,
458 676 653 751 Evandrique
666 677 803 737 Arcades
818 679 894 737 aiae.

135 779 170 823 se
186 764 316 838 quisque
330 761 386 819 viri
400 776 518 820 summa
531 760 662 820 nituntur
675 777 769 835 opum
784 761 828 819 vi:

137 863 231 921 mara,
246 861 302 905 nec
317 845 456 919 requies;
477 850 566 903 vasto
581 845 743 904 certamine
755 845 892 905 tendunt
984 841 986 846 ’

124 931 160 991 [ic
173 936 303 989 mentem
316 930 440 1011 Aeneae
454 928 591 1002 genetrix
605 927 806 1003 pulcherrima
819 929 908 1004 misit,

134 1021 168 1074 ut
181 1014 221 1073 ad
235 1026 346 1084 muros,
362 1011 491 1085 urbique
505 1012 675 1071 adverteret
688 1028 796 1087 agmen
957 1023 1008 1077 555

125 1114 155 1157 as
170 1104 200 1157 et
214 1096 313 1156 subita
325 1095 458 1155 turbaret
471 1096 560 1155 clade
572 1095 706 1155 Latinos.

141 1188 173 1241 ut
186 1181 341 1255 vestigans
356 1180 479 1239 diversa
494 1195 549 1254 per
563 1180 683 1253 agmina
696 1180 826 1240 Tamum

125 1284 128 1320 :
144 1270 234 1340 atque
247 1264 307 1323 huc
321 1263 403 1322 acies
418 1263 603 1336 circumtulit,
619 1263 750 1338 adspicit
763 1254 869 1325 urbem

125 1363 227 1407 runem
241 1347 316 1406 tanti
329 1346 401 1406 belii
416 1352 507 1418 atquc
519 1346 641 1419 impune
657 1347 796 1420 quietam.

127 1432 211 1490 tinuc
227 1445 347 1504 pugnae
361 1428 499 1488 accendit
513 1429 635 1488 maioris
649 1429 764 1503 imago=
957 1440 1009 1497 ggo

126 1514 221 1573 esthea
237 1512 473 1586 Sergestumque
486 1520 578 1571 vocat
591 1506 759 1588 tortamque
774 1512 926 1575 Serestum

126 1604 221 1667 tores,
237 1597 444 1670 tumulumque
458 1596 547 1670 capit,
564 1610 625 1670 quo
639 1602 740 1665 cetera
753 1595 899 1659 Teucriam
979 1636 984 1645 -

126 1681 220 1739 currit
233 1681 323 1755 legio,
338 1694 395 1739 nec
410 1686 497 1739 scuta
511 1685 562 1739 aut
576 1679 693 1754 spicula
707 1678 795 1740 densi

126 1770 234 1822 tonant.
264 1763 352 1823 Celso
367 1763 486 1822 medius
502 1770 585 1821 stans
600 1777 710 1838 aggere
724 1763 816 1823 tatur:

126 1862 146 1906 c
162 1864 221 1922 qua
235 1847 311 1906 meis
327 1853 392 1906 esto
408 1846 496 1906 dictis
510 1861 596 1905 mora
609 1878 621 1887 -
636 1847 748 1921 Iupiter
759 1846 818 1907 hac
831 1855 892 1910 stat
904 1880 932 1925 ·,
959 1858 1010 1914 565

127 1920 148 1991 u
163 1931 231 2005 quis
246 1930 285 1991 ob
300 1931 453 2006 inceptum
468 1928 599 1991 subitum
612 1929 684 1988 mihi
699 1930 823 2005 segnior
835 1931 887 1993 ito.

127 2014 197 2074 bem
212 2013 313 2087 hodie,
330 2030 454 2074 causam
467 2013 547 2088 beili,
562 2029 657 2087 regna
669 2014 739 2089 ipsa
749 2014 856 2092 Latini,

135 2100 251 2157 frenum
265 2098 404 2174 accipere
419 2105 449 2158 et
460 2098 533 2156 victi
548 2112 656 2172 parere
670 2098 807 2173 iatentur,

126 2199 203 2258 uam,
219 2190 248 2242 et
261 2198 361 2257 aequa
375 2183 441 2243 solo
457 2181 601 2240 fumantia
614 2181 746 2241 culmina
758 2198 879 2256 ponam.

128 2266 206 2324 ilicet
220 2274 403 2342 exspectem,
418 2265 510 2325 libeat
523 2265 596 2325 dum
609 2265 727 2339 proelia
740 2265 839 2325 Turno
959 2274 1012 2332 tto

128 2356 195 2408 stra
208 2351 278 2424 pati,
293 2365 461 2424 rursusque
475 2348 548 2408 velit
562 2363 743 2408 concurrere
756 2350 875 2410 viatus?

128 2448 153 2492 tc
167 2440 265 2507 caput,
281 2449 299 2492 o
314 2435 408 2505 cioca,
423 2433 500 2492 haec
513 2430 584 2491 beili
599 2448 715 2491 summa
729 2432 861 2493 nefandi.

127 2523 174 2575 rte
189 2517 271 2576 iaces
286 2532 425 2596 propere,
439 2516 611 2591 foedusque
625 2516 776 2591 reposcite
789 2516 959 2579 iiammist‘⁴

128 2606 199 2673 erat,
213 2607 304 2674 atque
318 2600 426 2659 animis
441 2601 553 2675 pariter
565 2600 748 2660 certantibus
762 2616 868 2662 omnes

129 2690 145 2743 it
159 2699 294 2758 cunetun,
310 2685 468 2758 densaque
482 2684 522 2743 ad
535 2700 637 2744 muros
651 2685 731 2743 moie
744 2685 889 2747 teruntur.
960 2694 1011 2749 5⁷5

129 2770 176 2827 iae
190 2768 365 2842 improviso,
381 2767 559 2842 subitusque
572 2768 712 2843 apparuit
723 2768 812 2843 ignis.

129 2859 244 2912 :ununt
257 2853 306 2911 aiii
322 2852 362 2911 ad
377 2858 490 2926 portas,
507 2851 683 2928 primosque
695 2851 862 2922 trucidanta

129 2952 189 2994 rum
202 2935 252 2994 alii
266 2941 408 3010 torquent
421 2943 452 2995 et
465 2935 644 2997 obumbrant
656 2936 780 2995 aethera
792 2934 870 2995 telis.

129 3034 138 3076 a
153 3019 230 3077 inter
243 3020 358 3094 primos
375 3018 511 3079 dextram
524 3018 586 3093 sub„
596 3020 717 3079 maenia
730 3017 837 3077 tendit·

129 3117 199 3175 reas,
218 3118 390 3177 magnaque
404 3104 522 3163 incusat
535 3118 614 3162 voce
626 3102 772 3175 Latinum,
960 3106 1013 3165 ow

129 3190 266 3259 taturque
280 3187 366 3261 deos,
381 3187 488 3247 itemm
502 3200 537 3246 se
551 3186 590 3245 ad
606 3185 723 3259 proelia
735 3181 812 3257 cogi,

137 3267 196 3326 iam
210 3269 302 3329 italos
315 3270 431 3342 hostes,
445 3270 522 3329 haec
537 3269 597 3328 iam
611 3268 705 3327 altera
718 3266 844 3328 foedere
855 3264 963 3342 rumpi.

130 3351 211 3411 uitur
223 3353 361 3428 trepidos
374 3353 452 3414 inter
464 3352 620 3413 discordia
634 3352 732 3413 cives:

130 3450 183 3495 em
196 3436 247 3494 alii
261 3452 398 3499 reserare
410 3436 513 3498 iubent
527 3442 556 3496 et
569 3436 704 3511 pandere
718 3440 822 3512 portes

130 3535 269 3579 inantus.
784 3527 829 3581 aa
