2326 3780
93 214 158 277 era
368 208 401 267 u.
421 206 586 269 vmomu
604 158 791 269 umeros

95 361 291 441 „Tiburtique
304 375 428 430 manum
451 358 539 419 ducis
554 364 585 419 et
595 365 629 419 tu
643 358 780 435 concipe
795 365 952 423 <mma

96 448 147 509 Sic
161 446 211 519 ait,
227 451 257 504 et
270 442 396 519 paribus
408 442 587 519 Messapum
599 442 632 502 in
646 444 770 518 proelia
785 444 891 507 dictis
1029 457 1075 509 eto

94 532 238 591 Hortatur
253 526 420 602 sociosque
434 526 541 600 duces,
555 532 585 587 et
598 526 698 602 pergit
714 527 747 587 in
763 527 914 591 hostem.

94 616 151 674 Est
164 627 258 672 curvo
272 611 411 671 anfractu
423 610 529 686 valles,
544 611 746 673 accommoda
760 612 876 674 baudi

94 702 321 771 Armorumque
335 694 426 769 dolis,
442 710 533 769 quam
546 693 653 755 densis
666 694 835 757 frondibus
853 704 966 761 auum

94 782 210 857 Urguet
223 780 376 855 utrimque
390 777 478 853 latus,
493 777 593 839 tenuis
607 793 670 852 quo
684 779 799 841 semita
813 782 921 858 ducit,

94 858 315 940 Angustosque
328 862 429 923 terunt
441 861 547 921 lauces
562 861 726 938 aditusque
739 864 898 939 maligni,
1028 876 1075 929 ott

94 949 181 1008 Hanc
195 962 289 1023 super
302 946 333 1006 in
348 928 483 1021 sdeculis
497 961 679 1021 summoque
691 930 728 1007 in'
736 949 865 1010 vertice
880 951 1005 1013 montis

94 1030 237 1092 Planities
250 1032 355 1105 ignota
367 1029 454 1102 iacet,
469 1029 588 1107 tutique
600 1044 753 1104 recessus,
784 1104 787 1110 ,
807 1052 813 1063 ·

96 1115 160 1176 Seu
174 1114 282 1174 dextra
294 1114 445 1188 laevaque
458 1114 537 1174 velis
552 1128 715 1175 occurrere
728 1130 871 1191 pugnae,

96 1198 168 1259 Sive
182 1198 296 1257 instare
310 1196 389 1271 iugis
404 1202 434 1256 et
447 1197 577 1271 grandia
588 1198 715 1259 volvere
729 1214 820 1261 sexa.
1148 1251 1150 1280 ,

94 1282 160 1341 Huc
175 1280 294 1340 iuvenis
308 1286 381 1339 nota
394 1280 490 1341 fertur
503 1280 629 1356 regione
643 1281 772 1355 stantun,
1028 1296 1077 1351 530
1149 1313 1150 1354 3

94 1364 290 1440 Arripuitque
303 1364 407 1424 locum
420 1371 452 1425 et
464 1364 551 1425 silvis
566 1364 679 1426 insedit
693 1365 818 1439 iniquis.
1150 1389 1151 1402 ¹

133 1448 281 1507 Velocem
295 1447 411 1509 interea
424 1448 544 1525 superis
560 1448 730 1510 insedibus
744 1446 847 1525 Opim,

95 1532 192 1593 Unam
207 1547 247 1592 ex
260 1531 429 1607 virginibus
444 1532 538 1594 sociis
552 1547 704 1607 sacraque
718 1539 857 1609 caterve,

95 1615 303 1692 compellabat
316 1622 346 1675 et
358 1615 416 1677 has
430 1616 533 1677 tristes
546 1616 675 1677 Latonia
687 1630 782 1677 voces

96 1698 154 1760 Ore
168 1700 274 1761 danae
296 1699 460 1774 „Graditur
473 1700 586 1760 bellum
600 1700 641 1760 ad
655 1700 778 1761 crudele
795 1699 945 1779 Camilla,
1026 1714 1076 1769 535

94 1781 139 1859 „0
153 1784 250 1860 virgo,
266 1789 297 1844 et
308 1783 422 1845 nostris
437 1784 643 1861 nequidquam
659 1783 788 1858 cingitur
802 1786 917 1857 armis,

93 1867 194 1942 „Cara
205 1866 278 1926 nihi
292 1873 362 1928 ante
376 1868 468 1929 alias=
490 1867 687 1942 nequeenim
702 1883 803 1929 novus
818 1868 882 1929 iste
899 1871 1028 1935 Dianae

94 1950 206 2025 „Venit
220 1966 313 2023 amor,
330 1951 492 2027 subitaque
506 1951 639 2015 animun
654 1950 816 2011 dulcedine
831 1956 949 2015 movit.

94 2032 226 2108 „Pulsus
242 2034 281 2094 ob
296 2034 442 2095 invidiam
455 2049 552 2109 regno
567 2035 713 2110 viresque
728 2033 886 2108 superbus

93 2117 259 2190 „Priverno
275 2118 399 2194 antiqua
411 2117 550 2179 Metabus
565 2134 635 2178 erun
649 2118 814 2178 excederet
827 2119 932 2193 urbe;
1019 2131 1074 2185 ato

94 2201 263 2275 „Infantem
276 2202 396 2277 fugiens
411 2202 512 2262 media
526 2202 603 2262 inter
615 2201 734 2277 proelia
747 2200 819 2261 belli

93 2284 242 2360 „Sustulit
255 2286 364 2345 exsilio
380 2285 529 2361 comitem,
544 2287 712 2361 matrisque
725 2285 851 2347 vocavit

94 2368 242 2441 „Nomine
257 2368 426 2443 Casmillae,
440 2375 555 2431 mutata
568 2376 664 2445 parte,
680 2367 845 2429 Camillam.

94 2451 186 2526 „lpse
200 2451 271 2514 sinu
284 2468 360 2528 prae
373 2468 408 2513 se
421 2460 558 2529 portans,
573 2453 645 2528 iuga
658 2454 750 2526 longa
762 2452 891 2526 petebat
945 2486 952 2497 ·

93 2533 256 2609 „Selorum
269 2551 441 2607 nemorum
463 2539 524 2597 tela
537 2537 673 2612 undique
686 2550 782 2597 saeva
794 2536 996 2613 premebant,
1013 2548 1068 2603 ott

93 2616 151 2692 „iit
165 2617 348 2679 circumfuso
362 2619 531 2681 volitabant
543 2620 636 2679 milite
649 2618 766 2679 Volsci.

93 2700 202 2775 „Ecce
217 2700 307 2775 fugae
320 2702 422 2762 medio
438 2703 563 2763 summis
576 2705 751 2763 Amasenus
766 2702 933 2767 abundans

92 2782 283 2861 „Sprnnabat
295 2784 387 2861 ripls=
408 2792 509 2848 tantus
524 2802 560 2847 se
573 2785 706 2849 nubibus
720 2784 817 2846 imber

92 2868 257 2944 ,Ruperat
292 2868 355 2943 Ille,
370 2868 476 2931 innare
489 2885 612 2946 parans,
627 2869 750 2930 infantis
764 2884 871 2931 amore

92 2951 269 3026 „Tardatun
284 2968 420 3031 caroque
434 2954 520 3015 oneri
533 2953 626 3014 timet
643 2992 647 2999 -
662 2951 770 3013 Omnia
782 2966 890 3014 secum
1005 2966 1076 3021 eso,

76 3034 255 3109 „Nersanti
270 3036 371 3097 subito
385 3037 439 3097 vix
452 3038 529 3098 baec
543 3036 694 3099 sententia
706 3036 800 3098 sedit=

65 3133 72 3149 ¹
92 3117 216 3191 „Telum
229 3120 368 3196 immane,
382 3136 474 3182 manu
488 3120 593 3181 valida
607 3120 692 3198 quod
706 3120 784 3181 torte
798 3118 927 3195 gerebat

91 3200 254 3279 „Bellator,
269 3205 402 3265 solidum
416 3204 507 3265 nodis
521 3211 552 3265 et
563 3204 675 3265 robore
689 3210 787 3279 cocto,
843 3222 846 3227 ·

91 3282 190 3353 „Huic
204 3293 305 3346 naam
318 3286 395 3350 libro
411 3294 442 3348 et
454 3288 587 3349 silvestri
602 3288 713 3350 subere
727 3288 864 3347 clausam

90 3364 256 3444 „implicat
273 3378 364 3449 atque
377 3371 510 3433 habilem
522 3372 643 3433 mediae
656 3370 844 3447 cbeumligat
856 3368 978 3434 bastae.
999 3380 1054 3437 tot

88 3446 208 3527 „Quem
223 3450 335 3517 deliba
344 3454 461 3533 ingenti
471 3454 591 3517 bbraas
600 3456 648 3513 ita
656 3456 703 3513 ad
711 3454 837 3515 aethera
848 3454 945 3517 taam
