2326 3780
328 153 522 225 AENEIDOS
542 164 614 224 LIB.
628 166 708 226 VIII.
933 158 1000 229 23⁸

289 410 319 477 r.
346 326 538 477 vinctim
568 406 753 477 unionis

200 534 233 629 il
289 534 321 627 l}
378 530 410 627 N
470 532 502 626 II
560 530 578 624 l
635 530 667 624 ll
727 528 758 625 o
815 524 846 623 S

318 678 456 745 cinnii
495 680 718 743 OCTAVUS.

98 820 170 881 belli
184 821 305 897 signum
318 820 459 880 Laurenti
472 820 591 881 Itsrnus
605 818 644 881 ab
658 835 730 881 arce

93 906 167 981 tulit,
183 913 212 965 et
224 920 317 964 rauco
332 912 528 980 strepuerunt
540 920 655 964 cornua
668 911 767 976 cantu,

93 1004 147 1065 que
161 1004 249 1049 acres
264 990 421 1049 concussit
435 1004 543 1064 equos,
559 996 654 1064 utque
667 987 785 1064 impulit
797 1004 897 1063 armaa

93 1073 207 1149 templo
221 1072 331 1132 turbati
344 1072 445 1145 animi,
460 1073 550 1133 simul
564 1088 655 1133 omne
667 1074 796 1133 tumultu

93 1158 190 1218 oiurat
203 1156 323 1232 trepido
337 1156 463 1231 Latium,
477 1157 637 1232 saevitque
651 1158 792 1218 iuventus
983 1167 1002 1220 5

93 1242 157 1301 era.
192 1241 342 1300 Ductores
357 1241 455 1315 primi,
470 1241 635 1316 messapus
649 1249 679 1301 et
691 1242 788 1302 Utens

93 1331 282 1399 ntemtorquc
296 1325 387 1383 derlm
400 1325 576 1396 Mezentius,
591 1325 728 1401 undique
743 1333 855 1400 cogunt

93 1408 177 1481 xiiia,
192 1414 222 1467 et
235 1409 315 1468 latos
326 1414 449 1468 vastant
462 1408 628 1469 cultoribus
641 1424 743 1484 agros.

93 1492 171 1552 ltitur
184 1499 214 1551 et
227 1491 329 1565 magni
341 1492 479 1552 Venulus
493 1492 650 1552 Diomedls
663 1494 704 1552 ad
718 1492 832 1565 urbem,

93 1575 104 1635 i
117 1581 201 1651 petat
215 1574 368 1650 auxilium,
383 1582 427 1647 el,-
436 1575 523 1635 Latio
536 1576 705 1635 consistere
717 1577 862 1653 Teucros,
969 1589 1005 1641 lo

93 1660 218 1719 lvectum
231 1660 358 1718 Aenean
372 1660 465 1719 classi
480 1660 643 1734 victosque
655 1658 787 1719 Penates

93 1746 171 1819 erre,
187 1750 217 1803 et
231 1742 301 1802 latis
314 1756 418 1817 regem
433 1759 468 1803 se
482 1743 586 1803 dicere
600 1744 697 1820 posci,

94 1833 192 1902 occat,
205 1827 378 1901 multasque
392 1826 462 1888 viro
472 1844 507 1890 se
522 1829 689 1904 adiungere
703 1834 810 1902 gentes

92 1911 211 1985 rdanio,
227 1918 258 1971 et
270 1912 331 1970 late
343 1911 430 1972 Latio
445 1913 672 1973 increbrescere
684 1927 806 1972 nomen.

93 1996 125 2055 id
140 1994 297 2056 structilis
313 1997 440 2072 coeptis,
456 2012 555 2073 quem,
571 1997 598 2057 si
612 1996 746 2057 Fortuna
759 2004 911 2072 sequatur,
969 2006 1005 2059 15

93 2087 195 2141 cntum
211 2095 331 2156 pugnae
345 2081 456 2156 cupiat
471 2081 661 2141 manileslius
675 2081 744 2156 ipsi,

93 2180 142 2223 em
156 2164 256 2224 Turno
271 2164 335 2239 regi
350 2172 401 2224 aut
414 2166 479 2240 regi
494 2180 645 2241 apparere
658 2165 776 2224 Latino.

93 2244 169 2307 ialia
183 2263 239 2323 per
252 2248 379 2308 Latium.
417 2248 499 2322 Quae
513 2250 751 2310 Laomedontius
766 2250 857 2308 heros

93 2338 162 2391 ncta
176 2330 286 2391 videns
300 2348 410 2407 magno
426 2347 565 2392 curarum
580 2331 706 2393 fluctuat
719 2340 815 2403 aestu,

93 2431 147 2491 que
162 2415 295 2474 animum
309 2430 389 2475 nunc
403 2417 463 2476 hue
478 2418 609 2477 celerem
622 2433 703 2476 nunc
717 2416 825 2477 dividit
838 2416 917 2493 illuc,
966 2427 1005 2480 20

94 2504 260 2575 partesque
274 2499 353 2574 rapit
365 2501 476 2574 vanas,
491 2516 609 2577 perque
624 2503 726 2561 omnia
739 2508 856 2561 versate

93 2591 131 2644 rut
144 2598 244 2658 aquae
258 2584 415 2643 tremulum
430 2583 524 2645 labris
536 2585 589 2645 ubi
603 2587 705 2645 lumen
719 2585 827 2645 ahenis

93 2669 118 2727 le
131 2682 356 2743 repercussum,
372 2674 424 2726 aut
436 2664 583 2729 radiando
598 2670 730 2746 imagine
742 2668 856 2744 Lunae,

93 2752 153 2812 mia
167 2752 330 2828 pervolitat
343 2752 404 2811 late
417 2752 494 2827 ioca,
510 2753 631 2828 iamque
647 2754 704 2814 sub
720 2768 811 2813 auras

96 2835 175 2911 gitur
188 2836 361 2911 summIque
375 2836 444 2896 lerlt
456 2837 613 2911 laquearia
628 2838 706 2896 tecti.
966 2842 1005 2897 25

93 2926 198 2993 xerat
214 2926 245 2979 et
258 2928 355 2990 terras
369 2920 511 2979 animalia
525 2922 611 2981 lessa
624 2936 681 2996 per
695 2934 802 2980 omnes

93 3008 179 3062 tuum
193 3005 409 3081 pecudumque
423 3020 521 3079 genus
536 3018 633 3080 sopor
646 3005 725 3064 altus
739 3000 886 3063 habebam

93 3102 143 3145 um
155 3094 241 3162 pater
256 3088 291 3147 in·
301 3089 369 3165 ripa
382 3088 538 3164 gelidique
551 3088 610 3148 sub
624 3087 756 3147 aetheris
771 3102 831 3146 axe

92 3185 177 3243 neas,
192 3171 269 3230 tristi
282 3173 420 3233 turbatus
434 3179 561 3247 pectora
572 3171 665 3243 bello,

93 3252 207 3313 >cubuit
221 3269 384 3330 seramque
397 3256 482 3315 dedit
497 3254 701 3330 per-membra
715 3253 859 3327 quietem.
909 3270 912 3275 ·
965 3260 1004 3316 ott

93 3336 121 3395 ic
136 3322 211 3397 deus
227 3338 295 3412 ipso
310 3339 368 3399 loci
383 3337 481 3399 ilario
492 3338 652 3398 liberinus
665 3350 801 3397 amoeno

93 3420 197 3496 puleas
212 3421 291 3481 inter
302 3421 407 3483 senior
420 3438 458 3485 sc
472 3422 618 3485 attollere
630 3421 772 3485 mandes
