2340 4296
384 642 600 705 -Aahljllrhs
620 644 693 703 LlB.
708 646 758 705 lX.
995 644 1060 709 269

105 800 238 878 „Iupiter
253 796 456 873 omnipotens,
471 794 640 857 audacibus
654 810 754 874 annue
768 797 901 873 coeptisa
1007 806 1059 861 ⁶25

105 885 197 960 „lpse
209 883 264 943 tibi
278 881 319 942 ad
332 888 384 940 tua
398 880 512 955 templa
526 880 622 941 leram
635 880 784 941 solemnia
797 880 888 956 dona,

105 968 162 1044 „lit
176 973 305 1027 statuam
318 970 389 1025 ante
402 979 476 1024 aras
487 970 592 1025 aurata
605 964 704 1025 tronto
717 963 889 1039 iuvencum,

105 1050 320 1128 „Candentem¹
334 1048 509 1123 pariterque
523 1056 615 1123 caput
629 1064 697 1109 cum
712 1055 808 1109 matre
821 1050 976 1121 terentem,

105 1134 189 1209 „lam
202 1148 299 1193 cornu
311 1139 395 1209 petat
408 1139 438 1192 et
452 1132 583 1207 pedibus
599 1133 651 1207 qui
665 1140 791 1208 spargat
804 1138 956 1193 meuamf‘

105 1215 533 1301 Audiitctcoeligenilorde
547 1224 758 1291 partesarena
1009 1224 1061 1279 650

104 1302 238 1363 Intonuit
251 1283 386 1361 laevur'nr
408 1307 499 1361 sonat
511 1316 574 1361 una
587 1301 687 1361 latiler
700 1314 801 1362 arcus.

104 1385 219 1463 Eliugrt
231 1386 418 1448 horrendum
431 1384 565 1445 stridens
580 1384 714 1445 adducta
726 1384 845 1459 sagitta,
1018 1456 1021 1462 Ι

104 1470 222 1547 Perque
236 1476 330 1546 caput
341 1468 460 1530 Remuli
475 1469 558 1529 venit
571 1476 602 1529 et
614 1485 693 1531 cava
705 1476 845 1545 tempora
858 1468 938 1529 lerro
1081 1536 1091 1557 ἱ

104 1554 233 1615 Traiicit.
268 1554 310 1629 „l,
326 1554 428 1615 verbis
442 1554 583 1615 virtutem
596 1554 691 1613 illude
704 1552 863 1630 superbis!

105 1639 178 1711 „Bis
193 1640 274 1715 capti
288 1638 427 1716 Phrygas
437 1637 515 1698 haec
524 1638 645 1699 Rutulis
654 1653 808 1715 responsa
817 1636 997 1697 remittunt“
1010 1642 1062 1699 655

105 1724 172 1784 lloc
188 1730 305 1784 tantum
318 1722 488 1794 Ascaniusg
510 1722 617 1781 Teucri
631 1723 766 1783 clamore
780 1728 958 1797 sequuntur,

104 1808 294 1883 Laetitiaque
308 1806 438 1866 tremunt
451 1806 633 1881 anirnosque
645 1808 686 1867 ad
700 1806 803 1867 sidera
816 1806 933 1869 tollunt.

105 1892 251 1951 Aetheria
264 1897 328 1950 tum
341 1890 420 1950 forte
433 1890 526 1965 plaga
539 1889 663 1950 crinitus
677 1890 791 1966 Apollo

104 1975 247 2049 Desuper
259 1972 416 2033 Ausonias
431 1973 515 2033 acics
529 1972 697 2047 urbemque
711 1972 844 2047 videbat,
992 2028 996 2035 .

105 2056 192 2115 Nube
206 2056 329 2130 sedens,
344 2063 436 2130 atque
449 2056 498 2117 his
511 2058 659 2117 victorem
673 2055 783 2117 allatur
796 2057 907 2117 lulum:
1012 2066 1065 2121 640

106 2140 225 2215 „Macte
239 2155 322 2200 nova
335 2139 454 2212 virtute,
469 2156 561 2215 puer:
583 2140 629 2201 sic
643 2140 703 2200 itur
714 2140 756 2201 ad
768 2147 860 2213 astra,

106 2221 180 2299 „Dis
195 2222 296 2299 genite
309 2230 341 2283 et
352 2223 491 2299 genitura
504 2224 591 2285 deos.
625 2224 694 2283 lure
708 2224 810 2283 omnia
823 2222 905 2283 bella

108 2308 224 2383 „Gente
239 2306 297 2369 sub
310 2308 458 2369 Assaraci
473 2309 535 2369 lato
550 2314 680 2369 ventura
692 2306 837 2382 resident,

107 2392 190 2469 „Nec
203 2400 234 2453 te
247 2392 338 2453 Troia
351 2392 461 2469 capit.“
497 2390 593 2453 Simul
605 2392 683 2453 haec
697 2390 808 2452 ellatns
822 2390 861 2451 ab
875 2392 936 2453 alto

105 2476 240 2538 Aethere
254 2492 290 2537 so
304 2477 400 2547 mittit,
416 2476 569 2554 spirantes
583 2476 719 2537 dimovet
732 2490 833 2547 auras,
1012 2482 1063 2538 olo

106 2562 337 2637 Ascaniumque
352 2560 442 2637 petia
465 2561 594 2621 formam
607 2568 671 2621 tum
685 2559 811 2620 vertitur
825 2558 887 2619 oris

105 2646 271 2721 Antiquum
286 2646 318 2706 in
331 2644 440 2705 Buten.
474 2644 532 2704 llic
545 2642 700 2704 Dardanio
714 2642 870 2703 Anchisae

108 2730 248 2804 Armiger
261 2737 331 2790 ante
345 2729 402 2790 luit
413 2728 559 2803 fidusque
573 2728 615 2789 ad
626 2728 731 2788 limina
744 2734 860 2799 custos

107 2812 182 2871 Tum
196 2814 335 2873 comitem
348 2813 485 2883 Maenio
500 2820 587 2888 pater
600 2812 728 2873 addidit.
762 2811 828 2872 Ibat
843 2810 954 2887 Apollo

110 2894 216 2955 Omnia
229 2896 380 2972 longaevo
395 2898 512 2971 similis,
526 2912 698 2973 vocemque
713 2896 910 2971 coloremque
1012 2904 1065 2959 656

107 2978 146 3039 Εῑ
160 2978 259 3039 crinas
273 2980 362 3040 albos
376 2989 407 3041 el
419 2998 516 3043 saeva
529 2980 693 3042 sonoribus
707 2996 807 3051 arma;
853 3024 857 3033 .

109 3066 211 3139 Atque
225 3061 273 3123 his
288 3062 444 3125 ardentem
459 3064 549 3127 dictis
563 3064 672 3127 affatur
685 3064 797 3125 lulum:

108 3146 176 3221 „Sit
190 3146 275 3223 satis,
290 3146 420 3221 Aenide,
435 3148 504 3209 telis
519 3150 642 3226 impune
655 3148 827 3211 Numanum

108 3228 305 3309 „oppetiisse
319 3231 394 3292 tuis=
415 3232 543 3309 primam
556 3234 636 3294 hanc
649 3232 702 3293 tibi
716 3248 845 3309 magnus
858 3230 971 3305 Apollo

108 3315 275 3389 „Concedit
287 3315 419 3391 laudern,
435 3322 467 3377 et
479 3316 604 3393 paribus
619 3334 681 3379 non
696 3318 813 3379 invidet
825 3313 934 3384 armis;
1011 3320 1063 3376 655

108 3400 235 3472 „Cetera
248 3416 352 3477 parce,
368 3416 454 3476 puer,
468 3400 581 3461 bello.“
616 3400 668 3463 Sic
682 3417 773 3462 orsus
786 3398 900 3475 Apollo

107 3484 252 3544 Mortales
265 3485 367 3545 modio
382 3485 549 3561 adspectus
564 3500 706 3546 sermone
719 3483 850 3559 reliquit,

107 3566 146 3626 Et
158 3568 265 3643 procul
278 3570 310 3630 in
325 3576 445 3631 tenuem
460 3584 501 3629 cx
515 3570 613 3631 oculis
627 3568 752 3629 evanuit
764 3582 878 3629 auram.

107 3651 272 3725 Agnovere
285 3654 376 3714 deum
390 3669 535 3730 proceres
550 3654 716 3728 divinaque
730 3652 791 3712 tela

107 3733 310 3807 Dardanidae,
326 3737 561 3813 pharetramque
576 3738 648 3813 luga
662 3750 788 3797 sensere
802 3739 970 3795 sonantem.
1011 3739 1064 3797 665

107 3817 188 3893 rago
203 3820 326 3883 avidum
340 3836 463 3897 pugnae
477 3820 566 3882 dictis
581 3836 618 3881 ac
632 3822 755 3881 nunrlne
767 3816 883 3880 Phoebi

107 3901 274 3968 Ascanium
287 3904 459 3983 prohibang
473 3904 534 3985 ipsi
548 3904 581 3967 in
594 3906 766 3969 camarina
774 3917 893 3967 rursus
