2326 3780
116 198 182 265 028
391 195 423 254 P.
444 194 606 255 VlRGlLlI
626 194 820 257 MARONIS

114 349 256 429 „Diluvio
271 349 414 421 miscens,
430 347 611 423 coelmoque
624 348 656 407 in
669 348 807 409 Tartara
822 350 954 411 solvat=
1045 358 1085 411 tot

113 436 173 513 „Ut
187 440 342 509 sceptrum
355 432 436 491 boc“
449 462 462 475 ·
477 433 586 492 dextra
596 438 755 507 sceptrum
768 449 849 493 nam
860 434 948 495 forte
959 434 1084 510 gerebat-

114 519 305 596 „Numquam
320 516 430 575 ironde
444 516 504 575 levi
519 517 626 576 lundct
640 517 776 591 virgulta
790 533 856 577 nec
870 519 1013 595 umbras,

115 601 234 678 „Quum
248 601 344 661 semel
358 601 390 659 in
404 600 491 659 silvis
506 600 566 660 imo
582 601 623 659 de
636 600 735 675 stirpe
749 602 899 662 recisum

115 687 232 763 „Matre
246 690 337 756 caret,
354 684 519 759 posuitque
534 698 639 744 comas
654 690 684 742 et
698 684 835 745 brachia
850 688 953 763 lerro,

115 769 215 845 „Olim
229 768 331 840 arbos,
347 782 428 827 nunc
441 767 567 827 artificis
580 784 689 829 manus
704 783 781 827 aere
796 771 926 831 decoro
1043 780 1088 832 llo

116 852 270 928 „inclusit
286 851 485 927 patribusque
499 852 584 911 dedit
597 858 719 927 gestare
732 851 893 915 Latinis.“

116 937 237 996 Talibus
251 936 329 995 inter
342 951 378 995 se
392 934 552 994 finnabant
565 936 692 995 loedere
706 936 801 996 dlctis

117 1020 290 1096 Conspectu
304 1020 334 1077 in
349 1018 451 1078 medio
466 1035 642 1094 procerum;
664 1026 729 1078 tum
741 1020 802 1080 rite
818 1029 970 1082 sacratas

115 1105 151 1163 In
166 1103 319 1163 flammam
331 1102 468 1175 iugulant
481 1104 628 1177 pecudes,
642 1110 672 1161 et
687 1104 813 1164 viscera
827 1106 919 1166 vivis

115 1187 263 1262 Eripiunt,
278 1185 493 1259 cumulantque
507 1187 640 1247 oneratis
654 1187 796 1247 lancibus
812 1205 902 1249 aras.
1042 1199 1088 1251 215

157 1273 199 1329 At
211 1285 285 1328 vero
300 1268 419 1329 Rutulis
433 1270 532 1344 impar
544 1286 583 1330 ea
596 1286 699 1346 pugna
711 1271 815 1330 videri

116 1352 296 1413 Iamdudum
310 1358 340 1412 et
353 1353 440 1412 vario
454 1355 576 1413 misceri
590 1361 715 1429 pectora
727 1362 827 1427 motu,

117 1436 192 1497 'lum
205 1436 312 1511 magis,
327 1442 360 1495 ut
372 1437 500 1513 propius
515 1445 643 1498 cernunt
655 1454 717 1497 non
732 1439 852 1499 viribus
868 1443 999 1518 aequis

117 1520 253 1582 Adiuvat
267 1521 389 1580 incessu
404 1522 496 1581 tacito
511 1538 696 1596 progressus
710 1528 741 1581 et
754 1538 842 1582 aram

119 1604 303 1680 Suppliciter
315 1620 467 1664 venerans
482 1606 618 1665 demisso
633 1607 746 1665 lumine
758 1606 896 1681 Turnus,
1039 1620 1088 1673 alo

117 1688 329 1763 Tebontesque
344 1704 441 1763 genae
455 1694 485 1748 et
497 1689 630 1749 iuvenali
643 1690 674 1748 in
689 1705 822 1764 corpore
836 1693 956 1766 pallor.

119 1772 214 1847 Quem
229 1773 318 1833 simul
332 1787 369 1831 ac
383 1773 506 1832 Iuturna
519 1788 608 1833 soror
621 1772 818 1833 crebrescere
832 1775 916 1837 vidit

119 1856 297 1916 Sermonem
311 1862 342 1915 et
354 1856 437 1930 vulgi
451 1857 571 1929 variare
585 1856 718 1917 labantia
732 1858 844 1927 corda;

119 1940 152 1999 ln
166 1941 284 1999 medias
300 1940 392 2014 acies,
408 1942 536 1999 lormam
549 1941 727 2001 assimulata
741 1940 883 2016 Camerti,
1149 1989 1150 2000 ,

120 2023 173 2083 Cui
187 2040 285 2099 genus
299 2040 318 2082 a
332 2024 457 2099 proavis
472 2024 581 2098 ingens
595 2025 771 2099 clarumque
785 2031 942 2099 paternae
1040 2040 1089 2091 ‘225
1149 2033 1151 2046 ”

118 2108 233 2167 Nomen
248 2114 313 2167 erat
327 2107 454 2183 virtutis,
469 2114 499 2167 et
513 2108 582 2182 ipse
591 2108 756 2167 acerrimus
768 2109 874 2185 armiS,
1150 2101 1152 2116 ¹

118 2192 152 2249 ln
167 2191 284 2251 medias
299 2192 352 2251 dat
366 2207 438 2251 sese
452 2192 545 2263 acies,
560 2192 644 2252 haud
657 2191 762 2251 nescia
775 2207 888 2267 rerum,

117 2274 330 2349 Rumoresque
345 2274 419 2335 serit
431 2276 536 2335 varios
550 2291 587 2335 ec
601 2276 674 2335 talia
687 2276 781 2335 latur:

118 2359 204 2434 „Non
219 2359 323 2434 pudet,
339 2373 357 2418 o
371 2359 482 2431 Rutuli,
498 2375 554 2433 pro
569 2359 685 2421 cunctis
698 2358 810 2418 talibus
824 2376 923 2421 unam
996 2406 1002 2417 .
1156 2413 1157 2442 3

119 2439 299 2517 „Obiectare
313 2444 466 2503 auimamt
484 2442 657 2503 Numerone
671 2459 710 2502 an
724 2442 842 2503 viribus
858 2446 957 2520 aequi
1039 2456 1090 2511 230
1156 2455 1158 2486 l

118 2525 205 2601 „Non
219 2532 347 2586 sumust
366 2527 421 2601 En,
437 2542 545 2587 omnes
559 2534 590 2587 et
603 2528 697 2587 Troes
712 2534 742 2587 et
755 2528 898 2589 Arcades
915 2530 950 2589 lri
966 2540 1039 2593 sunt

118 2607 314 2684 „Fatalisque
327 2626 445 2685 manus,
460 2610 582 2671 infense
594 2610 714 2671 Etruria
726 2611 838 2670 Turno.

118 2692 200 2768 „Vix
214 2693 343 2768 hostem,
358 2695 466 2754 alterni
480 2694 508 2754 si
522 2694 763 2770 congrediamur,
778 2693 945 2757 habemus.

118 2776 193 2853 „Ille
209 2777 331 2851 quidem
346 2778 387 2837 ad
401 2792 542 2853 superos,
557 2794 688 2853 quorum
703 2794 738 2837 se
752 2778 888 2839 devovet
901 2782 981 2847 aris.

117 2859 290 2937 „Succedet
304 2862 395 2934 lama,
409 2863 564 2937 vivusque
576 2879 634 2939 per
647 2877 702 2922 ora
716 2862 846 2931 leretur3
1036 2876 1089 2929 aas
1162 2897 1163 2902 κ

117 2944 201 3020 „Nos
215 2946 315 3022 patria
327 2945 443 3006 amissa
456 2946 589 3007 dominis
604 2960 713 3022 parere
726 2944 873 3022 superbis

118 3028 297 3104 „cogemur
314 3030 364 3104 qui
379 3045 460 3090 nunc
473 3029 546 3090 lenti
560 3030 758 3091 consedimus
772 3029 889 3090 arvis.“

116 3110 239 3174 Talibus
253 3114 381 3174 incensa
394 3120 442 3174 est
455 3114 600 3175 iuvenum
614 3112 765 3175 sententia
778 3112 870 3173 dictis

116 3193 181 3254 lam
195 3198 291 3272 magis
306 3203 399 3273 atque
412 3199 520 3273 magis,
536 3198 693 3274 serpitque
707 3212 764 3273 per
777 3198 903 3273 agmina
918 3216 1066 3273 murmur,

116 3278 181 3352 lpsi
194 3278 360 3341 Laurentes
374 3282 479 3341 mutati
492 3281 616 3357 ipsique
628 3281 736 3355 Latini,
1034 3294 1088 3347 mo

117 3359 174 3435 Qui
189 3362 246 3423 sibi
261 3364 322 3423 iam
336 3366 476 3441 requiem
490 3380 612 3441 pugnae
626 3364 784 3441 rebusque
798 3366 932 3428 salutem

24 3478 53 3560 ι
96 3442 984 3592 ¹¹Sperabam,rruncunua*stolumlaetusqueprecantur
