2326 3780
234 257 237 261 ’
278 230 473 292 AENEIDOS
494 232 566 291 LIB.
580 232 661 291 vlll.
883 229 948 295 2³5

95 385 181 461 phae,
193 384 359 443 Laurentes
371 384 533 461 nymphae,
545 397 642 457 genus
654 384 947 460 amnibusundeesl,

95 485 129 543 le,
144 468 291 546 o·'llrybri
305 475 357 528 tuo
372 468 491 543 genitor
504 482 571 527 cum
587 465 711 526 llumine
725 476 842 545 sancto,

95 552 152 629 pite
165 553 292 611 Aenean
305 558 336 611 et
348 551 472 612 tandem
486 557 588 609 arcete
601 551 738 626 periclis!

95 644 268 711 tecumque
281 636 368 696 lucus
382 636 577 695 miserantem
591 634 786 695 incommoda
799 642 904 696 nostra

95 727 212 794 eleuet,
228 735 421 795 quocumque
435 720 503 781 solo
518 717 740 795 pulcherrimus
754 720 831 792 exis,
913 728 948 785 75

95 820 143 880 ¹rer
155 804 273 864 honore
286 819 365 878 meo,
380 819 503 879 semper
516 801 710 861 celebrabere
725 802 824 877 donis,

95 888 158 963 iger
171 888 375 964 Hesperidum
388 886 501 948 fluvius
514 892 659 961 regnator
672 901 830 960 aquarum.

95 988 109 1032 s
124 987 143 1031 o
157 979 280 1046 tantum,
295 979 326 1032 et
339 972 468 1048 propius
482 980 534 1033 tua
547 971 671 1031 numina
683 971 823 1031 firmest“

95 1063 215 1128 emorat
230 1056 430 1131 geminasque
444 1056 516 1130 legit
530 1054 569 1115 de
584 1056 686 1115 classe
699 1055 840 1127 biremes,

95 1140 194 1216 ‚ioque
208 1146 306 1214 aptam
327 1140 431 1200 socios
446 1140 535 1199 simul
548 1139 667 1199 instruit
681 1141 783 1200 armis.
913 1149 949 1203 80

95 1231 189 1285 tutem
203 1224 334 1284 subitum
348 1231 440 1298 atque
455 1223 551 1283 oculis
566 1223 704 1285 mnabile
718 1231 894 1299 monstrum,

95 1308 139 1367 da.
146 1324 202 1382 per
216 1307 325 1367 silvam
339 1323 408 1367 cum
423 1309 485 1368 letu
500 1309 646 1367 concolor
659 1308 729 1368 albo
807 1356 811 1361 .

95 1390 156 1451 buit
168 1390 321 1466 viridique
334 1391 365 1449 in
378 1392 465 1450 litore
480 1392 667 1465 conspicitur
681 1408 750 1453 sus:

106 1474 176 1549 pius
189 1477 313 1534 Aeneas
326 1474 381 1533 tibi
395 1475 483 1546 enim,
499 1472 562 1547 tibi,
576 1475 708 1534 maxima
722 1477 806 1550 luno,

95 1564 116 1632 l,
130 1573 220 1617 sacru
234 1558 345 1631 ferens,
361 1564 391 1618 et
404 1572 475 1616 cum.
486 1572 580 1631 grege
594 1557 674 1618 sistit
688 1560 728 1618 ad
741 1576 833 1619 aram.
913 1568 947 1623 85

95 1640 126 1701 is
141 1656 179 1700 ea
192 1638 327 1715 fluvium,
344 1657 434 1716 quum
447 1641 540 1714 longa
554 1648 609 1712 est,
626 1648 715 1702 nocte
728 1650 892 1703 tumentem

95 1770 101 1798 ,
115 1732 145 1784 et
157 1724 248 1783 tacita
261 1723 394 1784 relluens
409 1725 451 1784 ita
465 1724 597 1785 substitit
610 1725 701 1798 unda,
757 1720 761 1727 '

95 1810 166 1868 utin
182 1825 297 1868 morem
311 1809 410 1883 stagni
423 1808 626 1885 placidaeque
642 1809 762 1882 paludis

95 1901 150 1952 eret
165 1908 281 1966 aequor
295 1893 392 1967 aquis,
408 1908 492 1952 remo
506 1901 541 1953 ut
554 1891 703 1951 luctamen
718 1892 849 1953 abesset.

95 1976 147 2036 iter
160 1976 313 2051 inceptum
328 1978 460 2037 celerant
472 1991 594 2037 rrunore
608 1976 759 2045 secundm
911 1984 948 2039 90

95 2078 118 2121 rr
129 2068 221 2120 uncta
235 2060 324 2120 vadis
339 2061 433 2131 abies,
449 2061 595 2121 mirantur
609 2068 639 2120 et
651 2061 761 2133 undae,

95 2140 237 2205 uncinus
252 2145 403 2205 insuetum
417 2145 561 2219 fulgentia
574 2145 665 2219 longe

99 2229 199 2288 virdm
213 2228 316 2304 lluvio,
332 2230 491 2304 pictasque
506 2229 612 2290 innare
627 2229 756 2288 carinas.
834 2268 839 2279 -

95 2313 190 2387 tmigio
205 2320 387 2388 noctemque
402 2312 544 2388 diemque
557 2313 691 2387 fatigant,

97 2410 154 2469 gos
169 2403 313 2471 superant
327 2397 436 2469 flexus,
451 2397 608 2472 variisque
621 2405 762 2470 teguntur
843 2450 847 2459 .
911 2407 945 2463 95

95 2476 174 2551 ibus,
188 2481 365 2556 viridesque
380 2488 485 2540 secant
498 2480 620 2555 placido
636 2496 772 2556 aequore
786 2482 892 2551 siluas.

95 2561 196 2621 edium
208 2564 284 2622 coeli
300 2566 520 2625 conscenderat
533 2565 641 2639 igneus
658 2565 771 2639 orbem,

105 2661 209 2705 muros
223 2662 385 2722 arcemque
399 2650 505 2723 procul
519 2664 555 2709 ac
570 2665 640 2709 rara
653 2650 814 2711 domorum
855 2694 858 2701 -

98 2729 211 2803 vident,
227 2746 306 2805 quae
319 2747 399 2791 nunc
412 2733 551 2793 Romanu
564 2734 700 2808 potentia
715 2736 801 2796 coelo

95 2814 153 2887 tuit,
169 2821 239 2873 tunc
253 2830 303 2875 res
318 2814 427 2891 inopes
442 2817 603 2878 Evandrus
617 2818 757 2879 habebat.
896 2830 947 2882 loo

100 2897 261 2959 advertunt
275 2914 392 2974 proras,
408 2899 536 2975 urbique
551 2902 767 2977 propinquant.

95 2988 124 3041 te
138 2981 188 3042 die
203 2984 370 3043 solemnem
384 2983 436 3045 illo
450 3000 505 3044 rex
518 2987 618 3045 Arcas
632 2985 782 3046 honorem

95 3064 284 3141 ltryoniadue
297 3083 408 3143 magno
424 3068 567 3143 divisque
581 3068 698 3130 ferebat

95 3147 190 3207 arbem
204 3150 234 3209 in
248 3151 329 3212 luco.
363 3151 463 3212 Pallas
477 3152 548 3214 huic
563 3153 645 3213 lilius
659 3168 729 3225 una,

95 3246 180 3291 mnes
194 3232 336 3295 iuvenum
348 3235 438 3310 primi
452 3252 631 3311 pauperque
646 3244 770 3295 senatus
895 3248 946 3302 lob

95 3313 204 3388 labant,
219 3317 404 3394 tepidusque
418 3333 510 3379 cruor
523 3318 658 3380 lamabat
670 3320 712 3379 ad
726 3335 805 3379 aras,
961 3322 963 3327 ’

95 3412 144 3457 sas
160 3398 264 3460 videre
278 3408 369 3475 rates,
384 3408 477 3476 atque
491 3403 569 3463 inter
582 3418 721 3479 opacum

105 3490 256 3545 nemus.et
270 3485 367 3547 tacitis
381 3486 566 3549 incumbere
577 3488 697 3561 remiss
