2326 3780
391 175 746 239 nnunlnostlnmv.
986 176 1046 243 tlt

94 328 263 404 „Coniugio
276 329 345 394 tali!
368 328 517 390 Teucrum
532 330 743 391 comitantibus
757 333 859 407 muris,

94 414 228 489 „Punica
242 427 278 473 se
292 414 414 488 quantis
428 414 544 474 attollet
556 414 654 489 gloria
667 413 775 475 rebus!

94 498 156 574 „Tu
172 497 265 557 modo
279 513 377 573 poste
391 498 469 559 deos
483 497 614 571 veniam,
637 498 798 575 sacrisque
809 499 919 561 liuba·
1012 510 1049 564 to

94 582 243 658 ,‚lndulge
257 581 401 658 hospitio,
416 597 590 658 causasque
604 582 725 643 innecte
737 584 887 661 morandi,

93 667 193 742 „Dum
206 666 317 741 pelago
332 667 472 727 desaevit
485 666 583 727 biems
598 674 628 727 et
641 681 780 742 aquosus
795 666 897 745 Orion,
970 682 976 697 ·

94 751 346 825 „Quassataeque
358 757 450 827 rates,
466 752 539 811 dnm
552 766 614 811 non
627 750 785 813 uacmbilo
799 753 948 813 coelum.“

93 837 148 895 llis
165 834 275 894 dictis'
268 850 427 897 mcensum
441 836 573 895 aninum
587 834 787 897 inflammavit
799 852 912 911 amore,

94 919 250 996 Spemque
264 919 349 981 dedit
363 919 475 981 dubiae
488 920 589 995 menti,
605 920 758 996 solvitque
772 922 931 997 pudorem.

93 1004 245 1080 Principio
260 1004 390 1066 delubra
404 1005 526 1079 adeunt,
541 1020 711 1081 pacemque
724 1021 781 1082 per
794 1022 865 1067 aras

92 1089 277 1164 Exquirunt;
300 1095 433 1149 mactant
445 1089 541 1150 lectas
556 1090 596 1149 de
610 1104 695 1150 more
708 1088 851 1151 bidentes

92 1173 251 1249 Legilerae
266 1173 368 1233 Cereri
381 1172 570 1248 Phoeboque
584 1174 725 1249 patrique
738 1174 854 1251 Lyaeo,

93 1258 202 1319 lunoni
216 1264 286 1317 ante
301 1272 418 1333 omnes,
433 1258 482 1318 cui
495 1258 597 1317 vincla
609 1258 722 1332 iugalia
736 1274 837 1321 curae.

93 1343 166 1417 Ipso
179 1349 287 1401 tenens
303 1342 412 1401 dextra
424 1349 561 1417 pateram
576 1342 779 1415 pulcherrima
791 1343 872 1403 Dido

95 1425 260 1485 (tundentis
272 1439 391 1485 vaccae
405 1420 507 1485 media
519 1425 597 1485 inter
610 1439 725 1485 cornua
737 1426 844 1503 tundit,

94 1512 155 1572 Aut
169 1515 239 1567 ante
254 1524 309 1568 ora
323 1508 416 1567 deum
428 1509 559 1584 pingues
574 1508 723 1583 spatiatur
736 1510 777 1569 ad
790 1525 870 1583 aras,

93 1594 306 1666 Instauratque
320 1591 402 1650 diem
416 1592 516 1667 donis,
530 1592 744 1667 pecudumque
757 1594 886 1655 reclusis

94 1674 272 1736 Pectoribus
286 1675 408 1735 inhians
423 1676 570 1752 spirantia
584 1678 716 1737 consulit
728 1684 809 1737 exta

94 1761 162 1820 ileu
175 1765 279 1819 vatum
292 1759 417 1834 ignarae
430 1767 563 1821 mentes!
588 1761 663 1836 quid
674 1767 749 1821 vota
762 1761 920 1838 furentem,

95 1845 173 1919 Quid
188 1844 316 1905 delubra
330 1844 456 1904 iuvantl
475 1844 531 1905 Est
543 1846 644 1905 mollis
658 1843 782 1905 flamma
794 1844 946 1907 medullas

93 1932 222 2004 Interea,
238 1935 269 1989 et
281 1928 406 1989 taciturn
419 1928 495 1988 vivit
509 1928 567 1990 sub
581 1935 706 2005 pectore
718 1929 841 1991 vulnus.
870 1952 876 1963 ·

93 2015 196 2076 Uritur
209 2013 315 2073 infelix
329 2012 408 2073 Dido
423 2019 549 2088 totaque
561 2021 691 2089 vagatur

94 2099 177 2159 Urbe
190 2098 305 2172 furens,-
322 2097 422 2172 qualis
437 2098 577 2159 coniecta
589 2114 682 2158 cerva
695 2099 814 2173 sagitta,

96 2183 190 2256 Quam
205 2184 313 2258 procul
327 2183 479 2242 incautam
492 2197 618 2243 nemora
632 2184 710 2243 inter
724 2182 829 2243 Cresia
841 2180 909 2243 lixit

94 2267 202 2327 Pastor
216 2282 311 2341 agens
325 2266 403 2341 telis,
419 2266 569 2341 liquitque
580 2267 706 2327 volatile
719 2267 833 2327 lenum

94 2350 238 2423 Nescius3
261 2351 313 2410 illa
326 2352 399 2426 fuga
412 2350 508 2411 silvas
523 2351 681 2426 saltusque
695 2357 838 2427 peragrat

95 2434 248 2511 Dictaeos,
263 2433 369 2495 haeret
381 2435 467 2495 lateri
481 2434 580 2496 letalis
595 2434 723 2496 arundo.

96 2518 181 2577 Nune
194 2517 296 2577 media
308 2518 436 2579 Aenean
450 2534 556 2579 secum
570 2534 627 2595 per
639 2519 763 2580 moenia
775 2518 867 2595 ducit,

74 2594 79 2607 ’
98 2600 304 2675 Sidoniasque
318 2608 450 2662 ostentat
464 2617 541 2677 opes
555 2603 723 2679 urbemque
737 2610 883 2679 paratam,

96 2685 205 2760 Incipit
219 2683 305 2744 effari
319 2685 481 2762 mediaque
494 2687 526 2747 in
540 2702 620 2747 voce
632 2687 763 2759 resistit3

95 2769 305 2830 Nunceadem
319 2769 440 2830 labente
454 2770 504 2830 die
519 2771 663 2831 convivia
677 2771 804 2847 quaerit,

96 2854 268 2929 Iliacosque
283 2854 390 2913 iterum
404 2854 531 2916 demens
546 2855 653 2916 audire
667 2856 790 2917 labores

95 2937 252 3013 Exposuit,
267 2939 444 3013 pendetque
457 2939 565 3000 iterum
579 2940 730 3001 narrantis
744 2938 783 2997 ab
798 2952 861 2998 ore.

95 3021 177 3097 Post,
191 3022 244 3082 ubi
259 3022 400 3097 digressi,
415 3024 578 3099 lumenque
592 3024 726 3084 obscura
737 3022 875 3083 vicissim
1012 3030 1048 3087 eo

95 3105 181 3165 Luna
195 3107 305 3181 premit
317 3107 509 3184 suadentque
523 3107 665 3169 cadentia
679 3108 781 3169 sidera
794 3121 931 3182 somnos,

97 3189 171 3250 Sola
186 3191 278 3250 domo
292 3197 409 3253 maeret
420 3207 528 3267 vacua,
544 3192 707 3267 stratisque
720 3190 834 3251 relictis

96 3274 231 3334 Incubat.
266 3274 353 3335 lllum
366 3274 479 3337 absens
494 3274 653 3337 absentem
666 3275 811 3371 auditque
825 3273 985 3351 videtque3

95 3361 157 3418 Ant
146 3358 285 3434 tgremio
299 3358 475 3457 Ascanium,
490 3360 658 3435 genitoris
648 3359 780 3435 imagine
794 3365 892 3435 capta,

96 3442 247 3520 Detinet,
239 3460 270 3503 m
272 3442 435 3505 l'andum
410 3460 438 3505 sl
452 3444 557 3505 fallere
571 3442 675 3523 possit
684 3458 839 3505 arnorem
850 3522 869 3559 ἡ
1028 3445 1075 3493 ³&
