2326 3780
35 856 39 865 .

23 890 48 941 ‘t'

28 960 41 995 τ

268 904 866 990 intitubabili.-

455 1170 623 1181 ——--

119 1375 151 1428 P.
166 1390 300 1429 vracrrrus
315 1389 393 1427 nano
406 1372 545 1442 Andibus,
559 1374 589 1427 ln
600 1372 687 1428 Gallia
694 1372 906 1446 Transpadana,
920 1374 1015 1431 Idibus

61 1456 174 1515 Octobr.
190 1458 224 1510 ab
237 1456 273 1510 ll.
289 1472 314 1508 c.
330 1450 417 1523 684„
440 1462 505 1510 ante
520 1454 551 1511 C.
567 1470 595 1514 n.
610 1454 678 1525 70„
692 1457 730 1511 M.
744 1458 850 1512 licinio
865 1457 968 1514 Crasso
988 1464 1016 1514 et

61 1539 113 1596 Cn.
134 1538 270 1611 Pompeio
284 1538 390 1608 Magno
405 1536 502 1606 Cosa,
517 1539 679 1608 parentibus
693 1538 819 1594 honestis
835 1541 948 1610 quidem
962 1542 1015 1598 sed

61 1622 189 1680 obscuris
205 1626 233 1679 et
245 1622 389 1690 villaticis,
404 1622 452 1693 qui
462 1622 592 1677 Andibus
602 1621 750 1693 praedium
763 1621 920 1693 habebant,
934 1617 1015 1680 natus

61 1714 112 1764 est
145 1706 245 1763 Andes
260 1711 353 1761 autem
368 1706 417 1762 tait
432 1706 513 1764 vicus
524 1706 708 1776 Mantuanus,
726 1707 761 1761 ab
771 1707 841 1761 urbe
851 1706 939 1762 tribus
948 1724 1016 1780 pas·

59 1808 142 1848 suum
162 1790 284 1847 millibus
306 1789 413 1846 distans
433 1796 519 1861 atque
539 1792 603 1863 ipse
624 1790 652 1845 in
674 1792 737 1846 loeo
753 1788 870 1847 editiore
883 1792 922 1847 ita
936 1792 1014 1861 situs,

58 1883 89 1931 ut
102 1875 213 1947 Virgilii
233 1890 304 1947 ager
327 1874 422 1933 avico
444 1891 545 1932 versus
560 1874 702 1930 Mantuam
724 1880 864 1947 spectaret
878 1882 961 1946 atque
977 1876 1013 1931 ad

58 1960 171 2015 radices
193 1958 294 2014 montis
315 1958 387 2014 inter
407 1959 515 2014 Padum
538 1963 565 2014 et
585 1959 717 2014 Mincium
739 1960 767 2015 in
787 1960 852 2015 loco
872 1950 909 2016 a'b
926 1954 1015 2016 altera

57 2050 139 2121 parte
154 2043 301 2115 lapidoso,
318 2044 353 2098 ab
369 2044 457 2098 altera
469 2044 609 2115 paludoso
629 2048 746 2114 pateret.
789 2061 818 2101 v.
833 2042 894 2100 Eoi.
909 2044 930 2099 1.
945 2043 975 2103 1.
986 2048 1020 2099 et·

59 2128 109 2188 22.
125 2127 219 2199 ibique
233 2132 379 2197 annotata,
394 2126 428 2182 E.
443 2127 464 2184 I.
476 2123 526 2187 47.
539 2133 566 2183 et
580 2120 646 2196 54„
660 2126 719 2183 Vll.
736 2124 797 2197 15,
812 2126 860 2184 tx.
874 2126 905 2188 8·
920 2132 948 2184 et
961 2125 1013 2189 69.

57 2212 153 2283 ibique
164 2210 257 2283 Hapn.
278 2210 392 2266 Mantua
407 2227 477 2269 vero
492 2212 527 2266 ab
537 2210 661 2266 Etruscis
673 2211 786 2266 condita
797 2226 861 2267 esse
875 2211 1012 2269 credeba-

56 2302 111 2365 tur,
125 2294 202 2351 undc
211 2294 345 2367 Vrrgilius
357 2294 480 2351 aPhoca
491 2296 672 2366 grammatico
683 2294 901 2353 cctcsEtmacua
913 2298 1011 2368 appel-

57 2380 131 2434 latus
145 2385 197 2434 est.
217 2396 220 2401 ·
237 2396 267 2435 v.
284 2377 438 2434 Weichert.
461 2380 496 2434 dc
506 2378 538 2434 L.
559 2378 639 2436 Varii
656 2384 683 2434 et
699 2378 787 2436 Corsi
801 2376 970 2436 Permulta
986 2386 1014 2437 ct

48 2477 174 2517 comm.
190 2478 220 2533 p.
240 2458 311 2521 230.
331 2454 442 2519 Patrem
468 2470 553 2535 poeta
572 2462 669 2519 habuit
687 2462 834 2535 Virgilium
854 2463 1010 2534 Maronem,

61 2560 148 2621 quern
159 2542 276 2616 figulum
289 2546 376 2601 luisse
390 2546 564 2620 grammatici
580 2547 703 2616 finxere,
728 2552 755 2602 et
776 2553 893 2604 matrem
906 2546 1010 2603 Maiam

58 2630 106 2685 vel
120 2629 226 2684 Pollam
240 2624 394 2706 [Paullam].
436 2630 516 2687 Initia
540 2632 637 2687 aetatis
657 2647 747 2702 usque
763 2630 800 2686 ad
815 2624 918 2687 annum
934 2631 1009 2687 XVI.

59 2711 215 2769 Cremonae
225 2712 310 2786 degit
333 2714 393 2769 Hoc
408 2721 500 2770 autem
516 2732 590 2771 anno
606 2711 653 2789 [ab
666 2715 731 2771 tte.
748 2714 819 2775 699.
829 2722 894 2771 ante
908 2712 1009 2790 666]

59 2796 161 2853 Crasso
176 2801 204 2853 et
217 2798 352 2871 Pompeio
367 2799 465 2854 iterum
481 2816 554 2854 coss.
568 2805 664 2871 togam
678 2800 788 2857 virilem
804 2800 910 2854 sumsit.
938 2800 1008 2855 Inde

57 2880 248 2937 Mediolanum
260 2888 287 2938 et
299 2884 394 2955 paullo
408 2890 488 2955 post,
511 2890 541 2938 ut
557 2884 663 2939 liberali
678 2883 845 2939 institutione
860 2884 1007 2953 frueretur,

55 2966 203 3038 Neapolim
219 2968 300 3036 abiit,
323 2964 368 3023 ubi
389 2984 405 3023 a
426 2967 574 3023 Parthenio
590 2964 630 3041 [v.
646 2968 769 3023 Maorob.
788 2966 846 3023 Sot.
861 2966 896 3022 V.
912 2966 962 3027 17.
981 2974 1008 3023 et

54 3049 142 3106 Baeh.
161 3050 199 3122 dc
214 3050 324 3124 lugubri
339 3050 437 3108 Graec.
459 3054 544 3126 elogio
565 3068 642 3124 spec.
656 3052 689 3108 Il.
709 3069 737 3124 p.
753 3049 815 3127 39]
834 3052 954 3107 maxime
977 3053 1006 3109 in

55 3134 171 3190 Graecis
185 3134 270 3193 literis
289 3136 412 3211 eruditus
431 3142 481 3193 est
522 3138 624 3194 Postea
639 3152 712 3193 anno
728 3138 836 3193 circiter
851 3134 921 3195 707.
948 3134 1006 3192 Ro-

56 3236 130 3276 mam
146 3236 177 3276 se
192 3222 320 3290 contulit,
334 3222 427 3292 ibique
439 3238 456 3278 a
470 3221 582 3295 Syrone
599 3220 769 3295 philosopho
785 3212 924 3293 Epicureo
941 3220 1005 3293 phi·

56 3303 213 3377 losophiam
242 3306 339 3363 doctus
365 3311 414 3362 est.
456 3324 485 3365 v.
507 3306 624 3365 Servius
645 3307 684 3363 od
702 3308 769 3363 Aen.
784 3308 830 3361 Vl.
848 3301 917 3366 264.
959 3306 1005 3359 An

675 3436 683 3452 .
794 3390 833 3447 a*

474 3510 573 3585 -''-²i
676 3548 679 3553 .
710 3540 726 3567 ,-
