2326 3780
345 212 564 275 GEORGICON
583 214 657 272 LlB.
679 216 730 273 lv.
971 212 1015 277 79

60 368 198 448 [Nesaee
216 365 363 441 Spioque,
378 364 552 439 Thmiaque,
568 363 826 447 Cymodoceque]

61 452 262 530 Cydippeque
276 459 306 510 et
319 449 402 509 flava
416 448 573 524 Lycorias,
589 449 683 507 altera
698 449 794 523 virgo,

58 537 164 596 Altera
177 542 240 593 tum
254 535 370 610 primos
384 532 516 592 Lucinae
534 540 662 606 experta
675 532 806 607 labores,
959 540 1013 595 340

60 620 187 695 Clioque
203 626 232 677 et
245 620 346 679 Beroe
360 633 456 688 saror,
474 615 667 675 Oceanitides
682 617 799 691 ambae,

57 704 176 763 Ambae
191 719 275 775 auro,
292 702 380 777 pictis
395 701 544 758 incinctae
559 699 689 775 pellibus
704 701 820 777 ambae,

57 792 159 861 Atque
173 786 306 862 Ephyre,
322 792 413 860 atque
429 782 512 859 Opis,
528 789 619 858 atque
633 785 710 844 Asia
723 786 868 862 Deiopea,

56 873 95 931 Et
108 871 231 930 tandem
244 870 354 944 positis
369 869 461 926 velox
475 868 629 926 Arethusa
644 869 771 943 sagittis.

56 957 138 1015 Inter
153 970 229 1027 quas
245 969 347 1013 curam
363 952 507 1029 Clymene
522 950 664 1011 narrabat
677 953 798 1013 inanem
958 961 1012 1019 345

56 1039 195 1111 Vulcani,
209 1038 376 1112 Multisque
390 1036 480 1094 dolos
495 1042 526 1093 et
540 1035 641 1094 dulcia
655 1037 742 1111 lurtu,

56 1126 146 1197 Aque
162 1122 243 1181 Chaa
259 1124 375 1181 densos
391 1119 495 1178 divum
510 1119 687 1180 numerabat
701 1138 832 1182 amores.

59 1207 196 1267 Carmine
213 1222 273 1279 quc
289 1211 397 1281 captae
412 1203 483 1262 dum
497 1203 574 1262 lusis
589 1205 691 1265 mollia
706 1223 804 1282 pensa

56 1290 238 1359 Devclvunt,
257 1290 364 1349 iterum
379 1294 530 1346 maternas
545 1287 663 1360 impulit
677 1306 766 1350 aures

56 1374 170 1432 Luctus
184 1374 326 1444 Aristaei,
341 1371 509 1443 vitreisque
524 1370 671 1432 sedilibus
687 1390 793 1434 omnes
957 1380 1012 1437 350

61 1455 269 1528 Obstupuere,
291 1456 432 1516 sedante
447 1454 523 1512 alias
538 1456 692 1515 Arethusa
706 1473 830 1518 sanares

58 1538 253 1612 Prospiciens
269 1554 388 1599 summa
401 1537 516 1598 flavum
530 1548 621 1614 caput
635 1542 740 1600 extulit
754 1542 844 1617 unde,

59 1621 96 1681 Et
110 1623 232 1696 procul:
254 1622 298 1696 „0
314 1622 427 1698 gemitu
440 1638 501 1682 non
516 1623 628 1682 frustra
641 1626 784 1684 exterrita
798 1632 881 1686 tanto

59 1706 198 1784 „Cyrene
212 1722 308 1780 sorar,
324 1707 391 1782 ipse
405 1706 468 1779 tibi,
482 1712 535 1765 tua
549 1707 681 1766 maxima
697 1724 777 1781 cura,

59 1790 184 1862 „Tristis
199 1791 357 1851 Aristaeus
371 1791 463 1851 Penei
477 1790 622 1865 genitoris
638 1792 678 1850 ad
692 1793 806 1851 undam
955 1799 1010 1854 ³55

58 1874 145 1946 „Stat
159 1875 318 1935 lacrimans
333 1882 363 1935 et
376 1883 406 1935 te
421 1875 576 1936 crudelem
591 1875 712 1935 nomine
727 1876 831 1936 dicit.“

57 1959 133 2018 Huic
147 1974 296 2034 percussa
310 1976 393 2020 nava
406 1965 538 2018 mentem
554 1959 714 2019 formidine
728 1966 824 2019 mater

57 2043 149 2117 „Dua
165 2060 231 2118 age,
250 2046 310 2105 duc
324 2046 362 2103 ud
378 2058 453 2103 nas:
475 2044 522 2103 las
539 2043 581 2102 illi
595 2044 698 2103 limina
712 2044 816 2103 divum

57 2126 225 2203 „Tangeret
236 2132 253 2161 ‘⁴
273 2128 329 2199 aih
351 2128 441 2187 simul
456 2129 517 2186 alta
530 2128 613 2188 iubet
627 2128 787 2189 discedere
802 2130 861 2189 late

55 2210 200 2285 Flumina,
216 2229 278 2286 qua
290 2212 410 2273 iuvenis
424 2226 551 2283 gressus
566 2212 697 2272 inferret.
724 2215 765 2271 At
779 2212 861 2272 illum
954 2220 1009 2279 360

57 2295 185 2353 Curvata
199 2295 229 2353 in
243 2296 356 2356 montis
372 2294 479 2353 laciem
494 2295 690 2355 circumstetit
704 2296 796 2367 unda,

54 2379 244 2451 Accepitque
258 2380 327 2438 sinu
341 2384 431 2436 vasto
446 2377 588 2451 misitque
604 2379 660 2437 sub
676 2395 805 2439 amnem.

55 2462 179 2533 lamque
194 2460 318 2520 domum
331 2461 444 2519 mirans
459 2461 619 2535 genetricis
636 2469 665 2521 et
677 2463 803 2525 humida
814 2478 909 2541 regua

56 2543 278 2617 Speluncisque
294 2546 379 2603 lacus
395 2544 518 2604 clausos
533 2545 682 2621 lucasque
696 2555 851 2624 sonantes,

55 2627 120 2685 lhat
134 2633 171 2695 et,
188 2628 301 2703 ingenti
316 2635 399 2687 motu
415 2630 603 2703 stupefactus
617 2646 774 2706 aquarum,
953 2640 1008 2697 ³65

56 2711 162 2771 Omnia
176 2712 233 2772 suh
247 2729 358 2788 magna
372 2712 505 2773 labentia
517 2712 643 2775 flumina
656 2723 737 2777 terra

55 2795 220 2871 Spectabat
233 2798 358 2857 diversa
371 2798 457 2869 locis,
471 2797 663 2874 Phasimque,
677 2800 866 2879 Lycumque,

52 2880 91 2939 Et
105 2890 203 2956 caput,
220 2883 302 2942 unde
317 2884 395 2942 altus
411 2883 540 2958 primum
555 2900 590 2944 se
604 2885 733 2961 erumpit
744 2886 890 2963 EnipeuS,
977 2886 981 2893 '

53 2965 142 3024 Unde
157 2974 243 3040 pater
256 2967 413 3027 Tiberinus
429 2974 458 3026 et
471 2969 553 3027 unde
567 2971 687 3028 Aniena
701 2968 823 3043 flirenta,

55 3047 255 3126 Saxasusqne
270 3067 385 3111 sonans
398 3052 550 3129 Hypanis,
564 3054 736 3131 Mysusque
751 3052 868 3128 Caicus,
952 3058 1008 3115 570

53 3132 90 3191 Et
104 3136 224 3207 gemina
237 3145 360 3196 auratus
378 3137 494 3196 taurina
510 3153 627 3197 cornua
639 3138 725 3197 uultu

53 3216 212 3292 Eridanus
230 3236 289 3293 quo
304 3237 365 3279 non
382 3220 458 3279 alius
475 3237 531 3294 per
544 3220 670 3295 pinguia
683 3222 764 3281 culta

54 3298 87 3357 ln
102 3316 184 3361 mare
200 3319 385 3378 purpureum
401 3304 563 3363 violentior
577 3304 673 3363 eliluit
686 3304 794 3364 amnis.

53 3381 217 3457 Postquam
232 3394 279 3446 est
293 3390 323 3446 in
337 3387 459 3446 thalami
475 3388 639 3463 pendentia
651 3388 772 3463 pumice
786 3394 865 3449 tecta

55 3466 232 3529 Perventum
247 3478 276 3530 et
290 3472 350 3530 nati
364 3469 455 3530 fletus
471 3472 616 3547 cognovit
629 3470 736 3532 inanes
952 3480 1006 3537 375
