2326 3780
127 185 192 251 382
402 180 435 240 P.
458 176 620 239 VIRGILII
641 176 828 239 MARONIS

128 340 284 402 Admovet
295 334 346 395 his
360 346 490 407 pronam
504 328 663 391 submissa
678 331 784 391 fronte
797 333 958 405 lucaman,
1030 344 1040 393 t·
1059 349 1064 436 Ι

129 426 167 485 Et
180 420 323 500 producit
336 432 394 478 acu
408 422 516 491 stupas
531 413 661 474 humore
676 422 836 491 carentes

129 506 250 568 Excitat
263 512 294 565 et
307 500 423 563 crebris
436 498 631 574 languentem
645 496 777 560 flatibus
792 500 908 575 ignem.

130 591 267 651 Tandem
281 590 431 660 concepto
446 582 592 643 tenebrae
604 583 727 657 fulgore
741 586 911 655 recedunt;

133 672 345 751 Oppositaque
359 685 451 729 manu
464 668 567 727 lumen
581 666 723 727 defendit
738 667 779 727 ab
795 684 883 741 aura,

131 760 170 819 Et
182 764 300 819 reserat
313 752 446 824 casulae,
463 767 543 827 quae
557 750 730 827 praevidet,
752 754 837 813 ostia
851 754 939 813 clavi.
1038 761 1051 810 t:

130 842 232 903 Fusus
247 846 312 900 erat
324 846 405 899 terra
419 835 559 895 frumenti
572 849 692 911 pauper
706 851 864 897 acervus:

131 926 210 985 Hinc
223 924 282 985 sibi
297 921 457 999 depromit,
473 926 619 995 quantum
633 934 785 981 mensura
798 919 934 996 patebat,

132 1012 217 1083 Quae
230 1008 279 1067 bis
294 1008 325 1067 in
340 1012 467 1066 octonas
483 1003 614 1063 excurrit
626 1003 771 1079 pondere
785 1004 895 1065 libras.

131 1093 207 1153 lndc
222 1092 284 1152 abit
297 1090 480 1164 adsistitque
493 1088 602 1163 molae,
616 1102 784 1164 parvaque
799 1089 926 1165 tabella,

133 1178 228 1251 Quam
242 1174 335 1235 fixam
349 1173 452 1249 paries
466 1172 537 1231 illos
552 1169 696 1231 servabat
709 1172 742 1231 in
757 1189 849 1247 usus,
1042 1183 1061 1233 r·

131 1259 258 1320 Lumina
272 1257 336 1316 frda
350 1258 445 1326 locat;
469 1256 607 1330 geminos
621 1262 685 1315 turn
700 1262 792 1315 veste
805 1258 944 1317 lacertos

130 1342 261 1416 Liberat
276 1348 314 1414 ot,
330 1341 447 1399 cinctus
463 1340 591 1400 villosae
605 1339 738 1414 tegmine
754 1356 884 1417 caprae,

130 1425 301 1486 Praeverrit
315 1424 415 1484 cauda
429 1424 530 1483 silices
541 1424 761 1498 geminumque
776 1426 942 1485 molarem.

131 1511 274 1572 Advocat
288 1510 359 1569 inde
373 1524 481 1568 manus
497 1507 591 1583 operi,
606 1508 736 1584 partitus
752 1510 930 1586 utrimque:

131 1596 235 1654 Laeva
248 1592 424 1663 ministerio,
441 1592 548 1651 dextra
561 1599 610 1651 est
622 1591 737 1651 intenta
750 1592 866 1653 labori.

131 1678 215 1738 Haec
230 1684 309 1737 rottt
323 1676 457 1737 assiduis
471 1676 556 1751 gyris
571 1684 601 1735 et
614 1676 746 1736 concitat
762 1676 890 1736 orbem:

131 1762 235 1823 Trrnsa
248 1762 340 1822 Ceres
355 1760 464 1836 rapido
480 1760 598 1820 silicum
612 1760 745 1819 decurrit
759 1760 801 1820 ab
818 1761 895 1821 ictu.

132 1847 287 1907 Interdum
302 1847 406 1905 fessae
420 1843 556 1904 succedit
570 1845 659 1904 laeva
671 1844 786 1921 sorori,

131 1932 330 2006 Alternatque
345 1930 439 1989 vices.
468 1927 561 1987 Modo
576 1928 689 1989 rustica
703 1928 845 1988 earmina
860 1936 975 2003 cantat,

131 2015 316 2090 Agrestique
330 2030 419 2075 suurn
433 2013 548 2073 solatur
561 2028 640 2072 voce
654 2011 810 2082 laborem;
1051 2020 1071 2071 {a

131 2099 284 2158 Interdum
300 2098 409 2157 clamat
423 2096 566 2173 Cybelen.
594 2097 667 2158 Erat
678 2096 772 2157 unica
787 2105 912 2171 custoS,

131 2184 207 2243 Afra
222 2198 328 2257 genus,
344 2188 408 2240 tota
420 2181 549 2257 patriam
562 2187 691 2240 testante
705 2180 816 2255 figura,
1114 2149 1120 2240 ¹.

130 2266 222 2326 Tor-ta
234 2282 362 2341 comam,
377 2263 526 2341 labroque
539 2272 658 2325 tumens
673 2270 704 2323 et
717 2266 808 2324 fusca
824 2266 946 2339 coloro,
1118 2269 1123 2340 i

129 2348 256 2410 Pectore
270 2351 340 2423 lata,
356 2349 459 2409 iacens
473 2350 621 2421 mammis,
638 2351 852 2424 compressior
866 2353 956 2428 alvo,
1120 2345 1123 2366 '

132 2433 274 2494 Cruribus
289 2434 388 2509 exilis,
402 2434 540 2509 spatiosa
553 2432 684 2509 prodiga
699 2434 821 2508 plantu;

131 2516 299 2591 [Continuis
313 2517 397 2577 rimis
412 2518 556 2577 calcanea
570 2517 670 2577 scissa
683 2516 847 2593 rigebant]

130 2600 217 2660 Hanc
229 2608 321 2661 vocat
335 2608 426 2677 atque
440 2617 548 2662 arsura
562 2601 639 2662 focis
654 2600 815 2678 imponere
831 2604 921 2681 ligna

130 2685 262 2760 Imperat
276 2692 306 2743 ct
320 2682 443 2744 flarnma
456 2686 576 2762 gelidos
590 2685 716 2746 adolere
730 2685 883 2761 liquores.

129 2768 294 2843 Postquam
308 2768 444 2844 implevit
458 2786 537 2847 opus
551 2769 665 2831 iustum
678 2770 824 2831 versatile
840 2773 956 2847 lineum

129 2852 283 2914 Transfert
297 2852 368 2912 inde
381 2868 473 2914 manu
487 2849 572 2916 fusas
586 2853 618 2914 in
632 2852 732 2915 cribra
746 2854 866 2917 farinas
1059 2864 1086 2917 a)

128 2936 166 2995 Et
181 2938 289 3011 quatit:
313 2954 350 2997 ac
362 2946 519 2998 remanent
533 2934 651 2999 summo
666 2939 852 3015 purgamina
868 2942 980 3018 dorso,

131 3020 269 3081 Subsidit
282 3022 403 3081 sincera
417 3017 678 3100 foraminibusque
691 3022 826 3099 liquatur

128 3104 300 3167 Emundata
314 3106 417 3166 Ceres.
445 3107 540 3167 Laevi
555 3113 617 3168 tum
631 3106 770 3184 protinus
785 3107 874 3169 illam

131 3188 290 3265 Componit
303 3189 414 3262 tabula,
430 3192 551 3267 tepidas
567 3206 661 3269 super
674 3191 784 3267 ingerit
797 3195 923 3268 undas;

130 3272 284 3334 contrahit
298 3274 450 3335 admixtos
464 3282 527 3335 tum
543 3278 643 3337 fontes
658 3282 750 3351 atque
765 3275 896 3354 farinas,
1064 3293 1092 3343 45

128 3354 328 3417 'transversat
343 3359 450 3418 durata
463 3376 563 3433 manu,
581 3360 760 3437 liquidoque
775 3370 890 3423 coacto

127 3436 285 3503 Interdum
296 3457 424 3518 araneos
437 3445 558 3519 spargit
567 3446 646 3503 sate.
669 3445 797 3516 lamnae
811 3447 983 3511 subactum

1129 2893 1138 2946 t

1128 2953 1140 3050 l
