2326 3780
370 150 563 212 aestiuos
584 152 656 211 LlB·
679 155 714 214 ll.
954 154 1016 221 llll

66 307 214 385 „Delendi
228 311 364 381 possent,
380 305 470 363 etiam
484 305 542 363 hac
557 304 686 364 defensa
700 306 838 368 luissent.

64 393 182 466 „Sacra
197 405 335 465 suosque
347 388 401 449 tibi
416 389 609 447 commendat
621 389 711 450 Troia
724 389 868 451 Penates:

65 477 149 550 „Hos
164 490 242 550 cape
253 474 381 533 latorum
396 473 531 544 comites,
547 472 595 532 his
609 473 731 533 moenie
744 490 868 549 quaere,

66 560 197 635 „Magna
210 564 368 635 pererrato
382 564 498 617 statues
513 572 591 632 quae
606 556 739 631 denique
753 564 880 632 ponto.“
963 568 1016 625 295

66 644 117 703 sic
131 643 180 715 ait,
196 648 227 700 et
239 640 379 700 manibus
392 640 483 701 vittas
493 640 683 715 Vestamque
696 649 851 716 potentem

65 730 292 801 Aeternumque
306 724 409 802 adytis
424 723 512 784 effert
525 724 732 799 penetralibus
746 725 858 800 ignem.

106 810 237 869 Diverso
252 810 367 869 interea
379 809 546 868 miscentur
559 809 679 868 moenia
693 810 783 881 luctu

63 894 211 969 armagis
226 900 317 970 atque
331 894 438 968 magis,
455 908 640 967 quamquam
654 900 773 953 secrete
785 896 921 971 parentis

62 977 218 1039 Anchisae
232 978 342 1039 dantus
357 976 580 1053 arboribusque
594 977 714 1037 obtecta
728 980 864 1052 recessit,
963 989 1015 1044 300

63 1063 240 1125 clarescunt
254 1064 381 1136 sonitus
397 1077 613 1137 annorumque
627 1062 737 1137 ingmit
750 1063 868 1123 horror.

61 1148 208 1209 Excutior
222 1162 340 1221 somno,
357 1154 387 1207 ct
400 1150 510 1209 summi
525 1149 646 1223 fastigia
659 1149 730 1208 tecti

62 1234 227 1294 Adscensu
241 1246 365 1309 supero,
380 1238 472 1306 atque
486 1233 613 1291 arrectis
627 1232 751 1292 auribus
766 1232 871 1293 adsto:

63 1316 97 1373 10
112 1324 247 1390 segetem
260 1315 354 1373 veluti
370 1331 463 1388 quum
478 1315 601 1375 flamma
614 1315 783 1376 furentibus
798 1317 920 1378 Austris

63 1400 179 1471 Incidit,
196 1404 248 1457 aut
260 1396 387 1472 rapidus
401 1405 544 1457 montano
560 1398 685 1457 flumine
697 1406 818 1459 torrens
961 1409 1013 1462 303

64 1482 176 1541 Sternit
189 1496 291 1555 agros,
308 1481 413 1539 sternit
427 1488 495 1539 sata
508 1483 588 1541 laeta
603 1481 756 1556 boumque
768 1480 900 1556 labores,

62 1565 309 1639 Praecipitesque
322 1563 413 1623 trahit
426 1564 536 1635 silvas:
559 1571 662 1638 stupet
675 1565 790 1625 inscius
805 1566 866 1624 alto

63 1648 228 1724 accipiens
243 1647 374 1707 sonitum
388 1648 457 1707 saxi
472 1649 511 1707 de
526 1649 639 1707 vertice
653 1656 769 1723 pastor.

62 1735 138 1794 Tum
151 1747 226 1793 vero
240 1730 401 1791 manifesta
414 1730 503 1805 tides,
518 1731 719 1807 Danaumque
733 1738 892 1807 patescunt

61 1816 209 1877 Insidiae:
230 1816 290 1875 iam
302 1814 454 1889 Deiphobi
469 1815 554 1875 dedit
567 1817 670 1891 ampla
684 1816 802 1876 ruinam
962 1823 1014 1879 310

53 1902 200 1961 ·Vulcano
217 1904 381 1975 superante
395 1899 515 1973 domus,
531 1900 591 1959 iam
604 1900 762 1975 proximus
777 1898 864 1959 ardet

59 1985 227 2059 Ucalegon,
242 1982 335 2059 Sigea
347 1983 410 2058 igni
424 1984 502 2044 freta
515 1984 575 2044 late
588 1985 739 2053 relucent:

59 2069 202 2128 Exoritur
215 2068 392 2141 clamorque
405 2068 506 2129 virdm
520 2070 707 2144 clangorque
720 2067 870 2129 tubarum.

59 2156 155 2213 Arma
169 2166 273 2211 amens
288 2152 394 2226 capio;
417 2168 475 2212 nec
490 2160 537 2213 sat
550 2154 676 2214 rationis
692 2154 722 2212 in
736 2153 838 2225 aunis,

61 2236 125 2296 Sed
139 2238 307 2311 glomerare
322 2252 443 2297 manum
457 2236 538 2296 bello
554 2244 584 2295 et
597 2252 779 2297 concurrere
794 2238 825 2295 in
839 2252 940 2295 arcem
960 2240 1011 2295 3ιό

62 2321 134 2380 Cuut
151 2322 244 2381 sociis
259 2322 367 2381 ardent
381 2321 487 2379 animi:
513 2321 597 2379 iuror
610 2322 717 2395 iraque
731 2328 861 2380 mentem

59 2404 270 2479 Praecipitant,
286 2404 507 2479 pulchrumque
520 2404 598 2463 mori
613 2405 763 2465 succurrit
776 2404 806 2462 iu
821 2404 922 2463 armis.

59 2489 142 2547 Ecce
155 2494 255 2547 autem
267 2486 337 2545 telis
350 2486 484 2547 Panthus
499 2489 623 2567 elapsus
638 2488 800 2560 Achivum,
869 2518 872 2523 ·
889 2528 892 2533 -

59 2572 193 2631 Panthus
209 2569 390 2648 Othryades,
407 2572 486 2631 arcis
500 2572 677 2649 Phoebique
691 2572 847 2645 sacerdos,

60 2656 156 2715 Sacra
169 2670 262 2715 manu
274 2654 437 2729 victosque
452 2655 529 2716 deos
544 2672 735 2733 parvumque
748 2662 892 2731 nepotem
959 2658 1012 2715 300

58 2741 131 2815 Ipse
145 2738 243 2812 trahit,
260 2754 413 2816 cursuque
428 2756 532 2800 amens
547 2741 588 2800 ad
603 2741 705 2801 limina
717 2741 823 2800 tendit.

58 2822 144 2899 „Quo
155 2840 206 2883 res
218 2823 422 2896 summaloco,
434 2823 572 2885 Panthu?
586 2834 676 2901 quam
684 2824 860 2901 prendimus
872 2838 973 2883 arcem
978 2826 1011 2883 t“

61 2908 121 2965 Vix
136 2924 173 2967 ea
187 2909 268 2968 latus
282 2921 376 2980 eram,
391 2909 505 2983 gemitu
519 2925 613 2983 quum
626 2910 699 2969 talia
711 2909 827 2969 reddit:

61 2992 171 3068 „Venit
185 3008 303 3053 srunma
317 2991 385 3053 dies
400 2998 431 3051 et
441 2992 634 3053 ineluctabile
646 3001 767 3069 tempus

58 3073 262 3149 „Dardaniae
289 3074 415 3137 Fuimus
429 3078 535 3151 Troes,
551 3077 607 3137 luit
619 3078 706 3137 ilium
720 3085 750 3137 et
763 3078 871 3150 ingens
958 3078 1011 3133 303

58 3156 182 3231 „Gloria
195 3159 395 3221 Teucrorum:
417 3160 501 3223 lorus
517 3161 619 3221 omnia
632 3161 750 3237 Iupiter
758 3164 860 3234 Argos

57 3238 247 3315 „transtulit
262 3240 389 3305 incensa
402 3246 500 3305 Danai
514 3246 708 3305 dominantur
720 3246 751 3304 in
765 3244 850 3304 urbe.

57 3324 203 3400 „Arduus
217 3333 351 3391 armatos
365 3329 475 3390 modiis
489 3330 521 3389 in
534 3330 702 3392 moenibus
716 3329 852 3391 adestne

51 3411 185 3485 „Fundit
197 3428 302 3490 equus,
320 3414 483 3493 victorque
497 3414 602 3480 Sinon
616 3417 775 3480 incendia
785 3413 910 3475 miscet

86 3511 246 3557 trncrtws.
825 3504 853 3559 8
