2326 3780
158 168 200 233 58
431 167 463 227 Ρ.
484 167 645 229 VIRGILlI
665 166 839 228 menonis

157 322 307 383 Insultare
321 320 388 382 solo
404 328 434 381 et
447 336 573 396 gressus
588 321 756 396 glomerare
771 320 933 397 superbos.

157 406 285 482 Aequus
299 413 428 482 uterquc
442 405 545 477 labor;
567 419 666 480 aeque
679 404 883 481 iuvenemque
897 405 1034 481 magistri

157 490 328 566 Exquirunt
342 491 534 566 calidumque
549 489 657 548 animis
672 495 702 547 et
716 489 855 550 cursibus
871 506 981 563 acrem,

159 574 301 650 Quamvis
317 591 411 651 saepe
425 574 498 650 luga
513 589 621 633 versos
636 573 687 633 ille
701 573 796 649 egerit
807 573 924 649 hostes,
1061 586 1111 639 120

156 660 194 719 Et
207 660 337 736 patriam
349 659 475 736 Epirum
488 658 770 733 reseratlfortesque
784 657 942 735 Mycenas,

157 744 348 821 Neptunique
361 744 432 819 ipsa
446 742 579 802 deducat
593 741 708 816 origine
722 749 852 816 gentem.

197 830 253 889 His
268 825 489 889 animadversis
504 826 616 886 instant
630 824 686 884 sub
700 831 830 902 tempus,
846 833 877 885 et
891 840 997 886 omnes

157 913 340 989 Impendunt
353 925 444 971 curas
459 910 557 971 denso
571 909 746 969 distendere
759 910 873 987 pingui,

157 997 252 1071 Quem
266 998 367 1071 legere
381 995 490 1055 ducem
503 1001 533 1053 et
546 994 651 1070 pecori
666 993 773 1054 dixere
786 995 933 1069 maritum,
1028 1036 1031 1041 -
1060 1005 1108 1057 125

155 1081 376 1154 Florentesque
390 1085 495 1139 secant
508 1077 629 1151 herbas,
645 1075 821 1153 fluviosque
835 1078 1005 1139 ministrant

154 1165 318 1240 Famaque,
334 1178 373 1222 ne
386 1161 500 1223 blando
515 1167 647 1237 nequeat
660 1176 827 1237 superesse
841 1161 947 1237 labori,

155 1248 345 1323 Invalidique
357 1254 477 1324 patrum
490 1246 623 1306 referant
636 1244 748 1305 ieiunia
761 1246 833 1307 nati.

155 1334 227 1409 Ipsa
243 1339 342 1392 autem
355 1330 452 1390 macie
466 1335 591 1391 tenuant
604 1335 739 1390 armenta
754 1331 904 1405 veientes,

154 1419 265 1491 Atque,
279 1415 331 1477 ubi
347 1413 524 1475 concubitus
538 1415 654 1491 primos
668 1413 730 1475 iam
743 1419 816 1475 nata
829 1414 971 1491 voluptas
1059 1423 1107 1477 1³0

156 1501 311 1575 Sollicitat,
327 1499 515 1575 frondesque
529 1504 641 1573 negant
654 1505 684 1558 et
697 1498 831 1559 lontibus
847 1507 966 1570 arcent3

155 1584 256 1662 Saepe
270 1585 360 1645 etiam
375 1600 464 1645 cursu
481 1583 618 1659 quatiunt
631 1590 662 1642 et
675 1582 742 1643 sole
756 1584 891 1658 fatigant,

155 1669 251 1745 Quum
264 1669 397 1745 graviter
409 1668 508 1729 tunsis
522 1667 615 1743 gemit
627 1682 700 1726 area
714 1666 860 1743 frugibus,
876 1674 907 1728 et
921 1684 1016 1743 quum

155 1753 334 1829 Surgentem
348 1752 388 1813 ad
402 1752 577 1830 Zephyrum
591 1752 700 1828 paleae
714 1750 862 1811 iactantur
875 1750 992 1812 inanes.

153 1838 219 1899 Hoc
233 1838 355 1911 iaciunt,
371 1837 463 1897 nimio
478 1851 517 1896 nc
532 1837 605 1896 luxu
619 1834 756 1895 obtusior
770 1850 847 1895 usus
1057 1843 1106 1898 135

154 1921 199 1983 Sit
212 1922 334 1998 genitali
349 1936 424 1982 arvo
440 1927 470 1981 et
483 1921 588 1980 sulcos
604 1919 727 1979 oblimet
739 1919 861 1993 inertes,

154 2005 217 2069 Sed
230 2007 329 2083 rapiat
343 2005 449 2064 sitiens
462 2005 615 2063 Venerem
630 2004 817 2079 interiusque
829 2003 986 2065 recondat

193 2090 313 2151 Rursus
328 2104 401 2148 cura
414 2093 533 2163 patrum
547 2087 666 2161 cadere,
683 2094 714 2147 et
727 2088 895 2149 succedere
908 2094 1038 2149 matrum

150 2174 269 2249 Incipit.
303 2171 427 2232 Exactis
442 2168 589 2246 maridas
604 2188 696 2246 quum
710 2172 867 2233 mensibus
882 2178 999 2243 errant3

148 2256 219 2317 Non
233 2256 301 2317 illas
314 2254 459 2331 gravibus
473 2255 637 2331 quisquam
651 2255 722 2332 iuga
736 2256 849 2318 ducere
866 2256 1019 2332 plaustris,
1057 2263 1108 2321 lto

152 2341 218 2402 Non
234 2340 313 2401 saltu
327 2354 474 2415 superare
486 2338 568 2401 vlam
583 2340 621 2402 sit
634 2356 748 2416 passus
763 2348 793 2401 et
807 2341 870 2402 acri

152 2426 284 2500 Carpere
298 2428 386 2501 prata
400 2423 472 2500 luga
484 2422 659 2501 fluviosque
672 2425 779 2485 innare
792 2441 932 2501 rapaces.

153 2508 286 2571 Saltibus
301 2508 331 2567 in
348 2509 453 2569 vacuis
468 2515 599 2584 pascunt
612 2515 642 2568 et
655 2509 747 2584 plena
761 2510 939 2581 secundum⁸

152 2590 297 2665 Flumina,
313 2607 438 2653 muscus
451 2592 505 2653 ubi
520 2599 550 2654 et
562 2592 749 2653 viridissima
761 2594 898 2669 gramine
911 2595 988 2671 rIpa,

152 2676 387 2752 Speluncaeque
400 2683 505 2752 tegant
517 2684 548 2739 ot
562 2693 658 2739 saxea
671 2678 819 2753 procubet
831 2678 948 2740 umbra.
1057 2689 1108 2745 145

150 2760 206 2822 Est
219 2761 307 2821 lucos
322 2759 412 2821 Silari
426 2760 508 2821 circa
521 2761 703 2837 ilicibusque
716 2763 865 2825 virentem

150 2844 299 2907 Plurimus
313 2843 481 2905 Alburnum
495 2846 650 2920 volitans,
666 2847 714 2909 cui
728 2863 839 2909 nomen
854 2847 931 2909 asilo

150 2930 322 2991 Romanum
336 2934 392 3005 est,
408 2936 542 2989 oestrum
557 2930 638 2990 Graii
652 2938 771 2992 vertere
784 2939 973 3007 vocantes-,-

150 3015 261 3091 Asper,
277 3012 389 3074 acerba
403 3027 527 3089 sonans,
543 3031 603 3089 quo
618 3021 682 3076 tota
695 3016 839 3078 exterrita
850 3017 939 3077 silvis

150 3098 318 3174 Diffugiunt
332 3104 484 3159 armentar
505 3099 575 3159 furit
588 3100 751 3176 mugitibus
765 3102 870 3163 aether
1060 3111 1110 3167 tto

152 3182 328 3246 concussus
342 3185 501 3261 silvaeque
516 3192 546 3246 et
558 3185 633 3247 sicci
646 3187 714 3263 ripa
727 3187 866 3263 Tanagri.

150 3264 217 3326 Hoc
233 3268 387 3342 quondam
401 3276 536 3331 monstro
550 3270 712 3332 horribiles
727 3272 863 3332 exercuit
877 3271 938 3333 iras

150 3349 293 3413 Inachiae
306 3353 382 3415 Iuno
395 3362 515 3431 pestem
529 3355 674 3416 meditata
687 3356 845 3417 iuvencae.

149 3431 237 3496 Hune
253 3453 462 3514 quoque-nam
477 3440 586 3501 mediis
601 3440 774 3502 fervoribus
790 3441 891 3501 acrior
904 3439 1011 3503 instat-
