2326 3780
97 197 141 263 m
366 191 399 251 P.
419 190 582 253 VIRGILII
602 191 776 254 Mnachis

97 352 236 428 „interea
249 345 350 405 mixtis
365 344 501 406 lustrabo
516 345 656 405 Maenala
668 345 826 422 Nymphis,
1024 360 1061 415 55

97 436 178 513 ,phut
192 447 279 492 acres
292 430 430 493 venabor
442 447 553 508 apros3
574 446 637 492 non
649 447 699 491 mc
711 433 775 492 uita
786 431 936 496 vetabunt

97 518 242 595 „Frigora
254 515 431 577 Parthenios
446 515 573 575 canibus
588 516 777 576 circumdare
790 517 898 577 saltus.

97 603 179 679 „lam
193 600 266 660 mihi
279 615 337 677 per
348 614 442 676 rupes
456 599 565 660 videor
577 600 727 675 lucosque
741 607 888 661 sonantes

96 687 179 763 „Ire;
200 684 274 745 libet
287 684 397 745 Partho
410 690 553 757 torquere
569 682 709 759 Cydonia
723 697 818 744 comu

96 769 250 847 „Spicula
264 776 419 842 tamquam
433 766 509 826 haec
524 767 564 827 sit
576 768 672 827 nostri
686 767 839 827 medicina
852 768 977 845 furoris,
1019 780 1056 836 ao

96 856 178 930 „Ant
192 854 269 914 deus
283 852 335 911 itte
347 840 436 910 malis
450 850 607 912 hominum
620 851 781 911 mitescere
795 852 903 911 ducat

96 938 212 1014 „iamn
276 950 294 994 e
307 934 539 1010 Hamadryades
553 950 659 995 rursus
675 950 733 995 nec
747 934 881 994 carmina
895 936 990 998 nobis

96 1025 189 1099 „Ipso
202 952 337 1097 pffenu
358 1020 445 1095 ipsae
458 1035 566 1081 rursus
581 1019 741 1081 concedite
755 1019 862 1078 silvae.

96 1108 181 1184 „Non
196 1106 279 1165 ilium
293 1104 390 1165 nostri
403 1111 536 1180 possunt
548 1108 664 1164 mutare
678 1103 811 1178 labores,

95 1191 177 1265 „Nec
192 1190 218 1249 si
233 1187 395 1262 frigoribus
410 1185 520 1247 mediis
533 1186 729 1263 Hebrumque
741 1188 893 1261 bibamus
1017 1196 1051 1249 65

96 1273 335 1349 „Sithoniasque
348 1271 435 1330 nives
449 1270 557 1330 hiemis
573 1270 738 1332 subeamus
754 1286 909 1347 aquosae;

97 1358 178 1433 „Nec
192 1357 229 1430 si,
246 1372 339 1431 quum
352 1357 486 1416 moriens
501 1355 562 1415 atta
576 1354 654 1415 liber
666 1361 732 1416 aret
744 1356 776 1415 iu
788 1355 882 1430 ulmo,

96 1439 301 1517 „Aethiopum
314 1455 474 1501 versemus
489 1454 565 1500 oves
580 1439 637 1499 sub
652 1439 754 1500 sidere
769 1438 887 1499 Cancri.

96 1523 224 1600 „Omnia
237 1524 330 1585 vincit
343 1526 451 1585 Amor:
472 1532 503 1584 et
516 1538 574 1584 nos
590 1523 736 1583 cedamus
749 1521 886 1583 Amori.“

136 1609 220 1668 Haec
235 1617 283 1670 sot
297 1609 361 1684 erit,
375 1608 474 1682 divae,
488 1615 626 1669 vestrum
640 1607 790 1667 cecinisse
804 1611 937 1684 poetam,
1018 1614 1051 1674 το

95 1693 175 1754 Dum
190 1693 278 1754 sedet
291 1701 321 1754 et
334 1693 439 1769 gracili
452 1692 601 1753 fiscellam
613 1691 689 1751 texit
701 1690 830 1765 hibisco,
868 1736 872 1745 .

95 1776 247 1849 Pierides;
272 1794 328 1839 vos
343 1778 420 1838 haec
434 1776 552 1838 iacietis
566 1775 700 1835 maxima
714 1775 810 1850 Gallo,

97 1861 194 1935 Gallo,
210 1863 296 1923 cuius
312 1878 397 1921 amor
409 1868 525 1921 tantum
538 1859 612 1919 mihi
627 1860 737 1920 crescit
750 1859 781 1919 in
794 1859 897 1934 horos,

96 1945 246 2020 Quantum
259 1961 333 2005 vere
347 1959 428 2005 novo
442 1943 549 2004 viridis
565 1958 601 2002 se
615 1942 737 2003 subiicit
749 1943 848 2003 ainus.
904 1990 909 1999 .

97 2028 280 2105 surgamus=
303 2030 383 2088 sotet
396 2041 468 2087 esse
482 2025 586 2101 gravis
601 2026 792 2088 cantantibus
806 2020 929 2096 umbra;
1017 2035 1051 2092 75

95 2112 229 2188 iuniperi
244 2112 347 2186 gravis
361 2109 484 2179 umbra3
506 2116 619 2170 nocent
632 2116 663 2169 et
677 2110 813 2185 frugibus
828 2109 965 2170 umbrae.

96 2196 141 2255 Ite
155 2197 280 2255 domum
293 2200 423 2267 saturae,
438 2194 522 2253 venit
534 2193 703 2269 Hesperus,
718 2195 758 2263 ite
773 2194 918 2270 capellae.

342 2455 371 2519 r.
392 2453 589 2573 'urrann
620 2452 803 2520 nunonis

201 2576 234 2672 G
292 2576 322 2671 ti
384 2576 413 2672 0
473 2576 510 2668 tt
568 2574 600 2669 a
658 2574 675 2667 1
734 2574 764 2666 G
824 2573 854 2669 0
913 2571 945 2667 Ν

393 2696 531 2786 utana
562 2720 748 2788 antuus.

99 2864 177 2939 Quid
192 2864 284 2924 iaciat
298 2866 392 2924 laetas
406 2873 538 2942 segetes,
556 2882 617 2942 quo
632 2867 733 2927 sidere
747 2872 858 2926 terram

97 2948 235 3021 Vertere,
250 2947 425 3023 Maecenas,
440 2951 593 3026 ulmisque
608 2951 773 3026 adiungere
786 2949 866 3009 vitea

98 3031 275 3107 conueniat,
290 3047 369 3108 quae
383 3048 457 3094 cura
469 3034 573 3108 boum,
590 3035 642 3112 qui
657 3036 754 3096 cuturs
769 3032 911 3093 habendo

98 3113 145 3177 su
157 3116 272 3191 pecori,
286 3116 397 3192 apibus
411 3126 524 3192 quanta
537 3119 726 3195 experientia
738 3117 850 3194 parcis,

96 3198 175 3261 Hinc
190 3215 299 3260 canere
313 3201 465 3277 incipiam.
499 3204 576 3278 Vos,
592 3219 610 3264 o
625 3201 796 3264 clarissima
809 3198 915 3262 mundi
1038 3221 1056 3276 5

97 3281 234 3359 Lumina,
249 3282 401 3347 labentem
416 3288 504 3349 coeto
519 3303 600 3363 quae
614 3286 724 3348 ducitis
739 3300 866 3354 annume

97 3365 188 3428 Liber
201 3374 232 3430 et
245 3369 326 3429 alma
339 3370 441 3447 Ceres,
457 3378 560 3433 vestro
576 3372 604 3432 si
617 3385 743 3433 munera
755 3369 847 3431 telius

97 3448 264 3515 chaontam
277 3453 382 3530 pingui
395 3455 537 3532 glandem
550 3454 678 3517 mutavit
690 3455 792 3527 arista,
