2326 3780
432 317 625 380 AENEIDOS
646 320 720 379 LIB.
733 320 783 379 ΙΙΙ.
1020 313 1081 377 133

135 473 292 536 Obscenos
306 474 408 550 pelagi
422 473 503 533 ferro
519 473 644 533 foedare
657 473 810 533 volueres.

134 558 198 619 Sed
212 573 313 633 neque
326 559 388 617 vim
402 557 514 634 plumis
527 558 620 617 ullam
634 572 692 616 nec
704 559 833 616 vulnera
845 563 930 630 tergo

135 643 303 718 Accipiunt,
320 642 472 716 celerique
486 642 558 716 luga
573 640 630 700 sub
645 641 748 700 sidera
761 640 868 715 lapsae

135 725 303 786 Semiesam
317 726 463 802 praedam
477 730 508 784 et
520 724 651 800 vestigia
665 725 757 784 foeda
770 724 953 799 relinquunt.

133 811 202 870 Una
215 810 246 869 in
259 810 419 886 praecelsa
433 807 573 869 consedit
585 824 663 884 mpe
677 808 817 880 Celaeno,
1031 809 1083 863 ate

134 894 242 954 Infelix
256 899 352 968 vates,
368 894 542 968 rumpitque
554 892 634 952 banc
648 898 774 969 pectore
788 906 912 952 voeem=

133 978 270 1054 ,bellum
284 978 374 1038 etiam
387 992 443 1054 pro
458 978 554 1037 caede
567 976 661 1036 boum
676 976 840 1050 stratisque
854 974 999 1045 iuvencis,

132 1062 439 1138 „Laomedontiadaa
455 1061 606 1120 bellumne
621 1060 732 1121 interne
745 1060 869 1136 paratis,
928 1068 934 1079 ·

132 1147 189 1221 „Et
205 1146 301 1222 patrio
316 1146 470 1222 Harpyias
485 1145 621 1205 insontes
635 1145 751 1221 pellere
765 1150 883 1220 regnet

133 1231 291 1306 ,Accipite
306 1245 379 1305 ergo
394 1228 502 1289 animis
517 1237 609 1304 atque
622 1230 700 1289 haec
714 1245 783 1289 mea
796 1230 880 1304 figite
895 1228 983 1300 diota,
1033 1234 1086 1287 250

133 1314 236 1390 „Quae
250 1314 375 1374 Phoebo
391 1320 478 1389 pater
492 1315 694 1389 omnipotem,
712 1313 786 1372 mibi
799 1312 940 1373 Phoebus
952 1310 1065 1387 Apollo

132 1398 313 1475 ,l’raedixiq
329 1397 418 1458 vobis
432 1397 590 1458 Furiarum
604 1412 663 1472 ego
675 1397 808 1456 maxima
821 1398 936 1473 pando.
955 1444 959 1453 .

134 1482 269 1558 „ltaliam
285 1498 377 1543 cursu
390 1482 507 1558 petitis:
528 1481 692 1555 ventisque
705 1480 825 1541 vocatis

135 1566 236 1641 „Ibitis
251 1566 376 1640 Italiam,
392 1572 561 1641 portusque
575 1565 687 1624 intrare
701 1564 818 1634 licebit;

134 1648 218 1725 „Sed
231 1666 292 1710 non
307 1658 377 1710 ante
391 1651 493 1710 datam
508 1649 635 1725 cingetis
650 1648 810 1709 moenibus
825 1646 940 1717 urbem,
1035 1656 1086 1707 255

134 1733 249 1811 „Quam
264 1750 321 1794 vos
337 1734 404 1795 dira
417 1735 514 1794 tames
527 1740 714 1808 nostraeque
728 1732 838 1792 iniuria
851 1732 955 1792 caedis

134 1818 304 1893 ,ambesas
320 1818 441 1893 subigat
454 1818 542 1878 malis
558 1819 719 1879 absumere
733 1820 887 1876 mensas.“

133 1901 224 1976 Dixit,
240 1909 270 1963 et
283 1903 315 1963 in
329 1903 438 1963 silvam
451 1902 561 1979 pennis
577 1902 678 1962 ablata
691 1901 811 1976 refugit.
900 1940 904 1947 -

132 1989 175 2047 At
188 1986 282 2047 sociis
298 1987 399 2048 subita
412 1987 532 2061 gelidus
548 1986 710 2046 tormidine
724 1985 849 2059 sanguis

133 2071 278 2147 Deriguit,
294 2072 434 2131 cecidere
448 2071 555 2142 animi3
578 2087 636 2130 nec
649 2071 710 2130 iam
724 2069 854 2145 amplius
870 2066 972 2137 armiS,
1036 2073 1088 2129 260

135 2155 199 2216 Sed
212 2156 292 2215 votis
308 2155 513 2231 precibusque
527 2155 632 2215 iubent
647 2168 817 2230 exposcere
832 2166 947 2227 pacem,

134 2239 207 2301 Slva
221 2240 307 2311 deae,
323 2255 378 2299 seu
396 2240 456 2299 sint
470 2239 554 2298 dirae
569 2239 783 2312 obscenaeque
799 2237 955 2306 volucres;

133 2323 171 2384 Et
184 2329 271 2398 pater
283 2323 437 2383 Anchises
451 2324 555 2399 passis
571 2323 712 2382 delitare
726 2320 836 2396 palmis

133 2406 262 2466 Numina
275 2422 385 2482 magna
400 2413 498 2481 vocat,
513 2407 699 2479 meritosque
713 2403 818 2464 indicit
832 2403 982 2465 honorosa
1018 2458 1021 2463 .

134 2489 199 2565 „Di
214 2490 374 2566 prohibete
387 2491 501 2562 minas;
525 2489 556 2550 di
573 2490 671 2549 talem
686 2488 813 2549 avertite
826 2503 941 2561 casum,
1036 2496 1088 2551 att

134 2575 190 2648 „Et
204 2575 316 2650 placidi
331 2583 452 2635 servale
466 2576 535 2650 pios
545 2536 590 2644 t33
611 2580 674 2634 mm
688 2573 776 2633 litore
790 2573 892 2632 funem

133 2659 288 2734 Beripara,
304 2674 518 2734 excussosque
532 2658 614 2719 iubet
628 2658 733 2716 laxare
746 2655 901 2717 rudentes.

175 2742 313 2802 Tendunt
327 2744 397 2802 vele
409 2743 493 2802 Noti:
515 2743 647 2818 sugimus
664 2740 874 2816 spumantibus
890 2741 989 2814 undis,

135 2824 200 2900 Qua
214 2841 336 2887 cursum
350 2834 522 2902 ventusque
536 2826 782 2902 gubernatorque
796 2824 937 2885 vocabat.

133 2911 197 2973 lam
211 2911 312 2970 medio
328 2918 457 2987 apparet
470 2909 565 2971 lluctu
578 2922 743 2969 nemorosa
756 2907 940 2984 Zacynthos,
1036 2912 1089 2970 270

132 2994 374 3068 Dulichiumque,
392 2994 553 3070 Sameque,
570 3001 600 3054 et
613 2993 732 3052 Neritos
748 2991 846 3050 ardua
860 2992 955 3052 saxis.

131 3077 302 3155 Effugimus
317 3080 464 3154 scopulos
478 3079 609 3150 Ithacae,
624 3075 744 3136 Laertia
758 3090 861 3149 regna,

132 3163 170 3222 Et
184 3171 294 3222 terram
309 3162 443 3222 altricem
459 3162 545 3222 saevi
559 3176 756 3221 exsecramur
769 3158 861 3220 Ulixi.

132 3247 207 3307 Mox
221 3252 252 3307 et
263 3247 416 3306 Leucatae
430 3246 571 3305 nimbosa
585 3244 744 3304 cacumina
758 3242 878 3315 montis

131 3331 170 3390 Et
184 3330 363 3391 formidatus
378 3333 478 3391 nautis
494 3329 628 3404 aperitur
640 3329 764 3403 Apollo.
1036 3332 1089 3389 tlt

132 3416 220 3475 llunc
234 3415 365 3492 petimus
379 3415 463 3489 lessi,
480 3420 510 3474 et
524 3427 643 3491 paruae
656 3411 861 3473 succedimus
870 3407 969 3478 urbia

125 3502 250 3558 Ancora
265 3499 305 3557 de
315 3514 414 3575 prora
427 3499 551 3575 iacitur,
568 3506 658 3563 stant
667 3498 766 3560 litore
779 3508 929 3573 puppes.

115 3578 197 3652 Ergo
209 3580 374 3660 insperata
390 3586 525 3648 tandem
539 3588 661 3651 tellure
674 3583 791 3669 pauo,
