2326 3780
156 194 199 263 70
429 196 461 254 Ρ.
478 195 640 257 VIRGlLll
659 194 833 255 Maeonis

363 358 421 422 -a
455 354 645 473 arcemn
679 310 897 422 alacris<

255 478 287 574 ll
344 476 375 571 ll
435 476 465 573 ll
524 478 561 571 ll
620 478 650 573 G
709 476 726 573 Ι
786 477 816 571 C
875 475 906 572 (l
964 474 998 571 Ν

347 620 376 727 J
436 625 574 717 maun
601 628 825 704 enarres.
905 638 908 643 ⁴

152 781 299 842 lrotenus
315 780 389 839 aeni
403 779 502 838 mellis
516 778 662 838 coelestia
676 779 758 838 donc

151 866 323 940 Exsequar.
356 864 443 922 Hanc
456 862 555 934 etiam,
570 862 742 935 Maecenas,
759 865 886 940 adspice
901 871 1028 939 partem.

151 948 341 1009 Admiranda
353 946 409 1006 tibi
422 946 534 1005 levium
548 947 724 1020 spectacula
737 963 847 1021 rerum,
872 970 889 991 -·
914 978 919 987 ·

150 1031 544 1107 Magnanimosqueduces,
564 1030 717 1104 totiusque
732 1032 840 1092 ordine
854 1033 952 1107 gentis
981 1082 984 1087 .
1008 1064 1011 1089 ;

151 1116 253 1175 Mores
269 1124 299 1175 et
314 1115 415 1175 studia
429 1121 459 1174 et
473 1114 608 1188 populos
622 1120 652 1174 et
665 1116 784 1190 proelia
799 1117 908 1176 dicam.
971 1146 974 1151 ·
1091 1125 1107 1179 5

150 1200 185 1258 Iu
199 1200 280 1259 tenui
295 1199 399 1270 labor3
421 1205 452 1257 at
464 1197 564 1258 tentus
579 1214 640 1258 non
655 1199 804 1273 gloriassi
820 1216 912 1276 quem

150 1272 279 1342 Numina
294 1283 383 1342 laeva
397 1283 499 1342 sinunt
516 1282 661 1357 auditque
674 1292 803 1344 vocatus
817 1285 941 1360 Apollo.

192 1366 343 1440 Principio
359 1367 454 1426 sedes
469 1366 578 1443 apibus
593 1367 746 1442 statioque
760 1371 901 1443 petenda,

151 1450 215 1523 Quo
232 1465 332 1526 neque
347 1451 386 1510 sit
399 1451 499 1511 ventis
514 1451 700 1513 adibis-nam
714 1452 828 1527 pabula
841 1454 923 1513 venti

149 1532 241 1593 Ferre
253 1534 377 1596 domum
387 1535 572 1611 prohibent,
583 1552 683 1611 neque
692 1537 929 1612 oveshaedique
936 1535 1050 1613 petulci
1073 1544 1106 1598 lo

148 1616 288 1679 Floribus
304 1620 456 1695 insultent,
472 1627 523 1679 aut
536 1636 642 1681 errans
656 1620 769 1680 bucula
783 1637 892 1697 campo

149 1701 287 1763 Decutiat
301 1719 402 1763 rorem
416 1710 447 1764 et
461 1713 620 1779 surgentes
635 1710 744 1764 atterat
757 1704 881 1765 herbas.

147 1786 259 1847 Absint
273 1794 303 1848 et
317 1788 391 1864 ploti
405 1786 577 1862 squalentia
590 1796 675 1864 terga
689 1788 794 1848 lacerti

147 1869 312 1947 Pinguibus
329 1888 348 1931 a
362 1871 499 1946 stabulis,
516 1886 722 1948 meropesque
736 1873 876 1948 aliaeque
889 1871 1042 1945 volucres,

146 1953 185 2015 Et
198 1956 338 2016 manibus
353 1955 470 2015 Procne
485 1964 594 2031 pectus
609 1957 728 2031 signata
741 1958 890 2016 cruentisz
1074 1962 1105 2015 15

147 2036 255 2099 Omnia
269 2056 339 2100 nam
354 2039 414 2098 late
430 2046 559 2113 vastant
573 2040 721 2115 ipsasque
735 2041 876 2100 volantes

148 2120 207 2181 Ore
222 2125 321 2183 lemnt
337 2121 458 2181 dulcem
472 2121 552 2182 nidis
567 2123 730 2183 immitibus
745 2140 859 2184 escam.

146 2206 187 2264 At
201 2206 307 2280 liquidi
324 2206 424 2265 fontes
439 2210 469 2264 et
482 2213 592 2282 stagna
604 2207 733 2266 virentia
745 2224 853 2269 musco

145 2287 259 2350 Adsint
272 2295 302 2349 et
316 2288 417 2348 tenuis
431 2290 551 2365 lugiens
565 2306 622 2367 per
635 2291 772 2367 gramina
785 2292 880 2366 rivus,

146 2373 310 2448 Palmaque
325 2372 511 2434 vestibulum
524 2384 576 2437 aut
589 2376 697 2451 ingens
713 2376 847 2436 oleaster
860 2374 1018 2449 inumbret,
1070 2380 1107 2436 st

145 2456 193 2531 Ut,
211 2474 304 2533 quum
320 2455 419 2531 prima
432 2459 505 2518 nevi
520 2460 633 2521 ducent
645 2459 788 2519 examina
800 2474 899 2535 reges

144 2542 227 2601 Vere
242 2557 298 2601 suo
315 2540 459 2614 ludetque
473 2544 553 2603 lavis
568 2542 683 2603 emissa
695 2543 846 2616 iuventus

63 2676 66 2681 .
144 2624 255 2684 Vicina
268 2624 377 2685 invitet
391 2625 546 2687 decedere
559 2629 629 2702 ripa
642 2627 745 2698 calori,

147 2707 306 2783 Obviaque
320 2707 465 2785 hospitiis
480 2718 581 2771 teneat
596 2710 806 2771 frondentibus
822 2708 939 2772 arbos(

143 2792 178 2851 In
192 2793 334 2867 medium,
353 2807 410 2853 seu
424 2794 515 2855 stabit
528 2794 610 2854 iners
625 2809 680 2854 seu
696 2792 831 2870 profluet
843 2794 962 2869 humor,
1068 2805 1106 2856 π

143 2875 348 2937 'transversas
365 2878 476 2939 salices
491 2886 521 2937 et
534 2878 662 2953 gremia
676 2879 795 2939 coniice
809 2894 896 2952 saxa,

142 2959 288 3021 Pontibus
302 2968 335 3021 ut
351 2961 466 3022 crebris
480 2960 600 3037 possint
614 2963 784 3023 consistere
799 2970 829 3023 et
843 2964 909 3023 alas

142 3042 280 3105 Pandere
294 3045 334 3106 ad
353 3046 503 3106 aestivum
517 3047 623 3119 solem,
639 3047 666 3107 si
682 3047 758 3107 forle
772 3053 925 3107 morantes

143 3127 298 3205 sparserit
312 3137 363 3190 aut
379 3144 530 3206 praeceps
544 3129 683 3205 Neptuno
698 3131 879 3192 immerserit
892 3131 1003 3191 Eurus.

141 3211 226 3273 Haec
242 3213 354 3274 circum
373 3213 476 3274 casiae
490 3213 606 3274 virides
620 3222 651 3275 et
665 3216 777 3276 olentia
790 3216 850 3275 late
1068 3225 1106 3279 eo

141 3295 286 3374 Serpylla
300 3303 331 3357 et
347 3297 481 3370 graviter
495 3297 640 3373 spirantis
656 3301 747 3375 copia
759 3299 920 3377 thymbrae

115 3420 118 3427 ·
140 3378 272 3455 Floreat,
287 3377 494 3458 irriguumque
507 3380 612 3443 bibant
625 3384 755 3444 violaria
768 3386 891 3444 iontem.

49 3484 55 3493 ·
183 3465 258 3542 Ipsa
272 3471 384 3543 autem
398 3482 454 3528 seu
469 3466 634 3528 corticibus
649 3467 703 3528 tibi
718 3475 788 3529 suta
803 3467 920 3528 cavatis
