2326 3780
147 272 213 339 294
420 270 452 329 P.
473 268 639 331 VlRGlLll
660 270 869 336 MARONIS

147 429 235 487 lllum
249 423 376 485 infrenis
390 424 461 499 equi
476 425 565 499 lapsu
579 423 697 484 tellure
711 426 898 506 iacentem,
1035 428 1049 481 ³

146 512 235 571 Hunc
250 509 391 585 peditem.
397 509 504 584 pedes.
531 507 568 566 Et
581 507 705 584 Lycius
723 522 944 587 processerat
954 510 1016 587 Agit

149 596 244 670 Quem
257 601 358 654 tamen
372 592 455 651 haud
470 606 582 666 expers
596 592 746 655 Valerus
762 597 899 661 virtutis
914 599 1000 659 avitae

147 679 273 748 Deficit,
296 685 326 737 at
339 676 502 738 'snronium
517 674 629 748 Salius,
646 674 854 757 Saliumque
869 684 999 755 Nealces,

148 763 280 838 Insignis
295 762 395 821 iaculo
410 768 441 821 et
453 761 545 834 longe
559 759 685 819 fallente
703 766 846 839 sagitta.

190 850 253 907 lam
267 846 370 921 gravis
383 842 536 919 aequabat
549 844 648 903 luctus
664 853 697 903 et
713 855 838 911 mutua
851 852 978 913 Mavors
1041 850 1052 897 '-

148 930 284 1000 Funera;
307 928 477 989 caedebant
489 928 602 1003 pariter
615 929 814 1006 pariterque
830 936 966 997 ruebant

148 1016 290 1076 Victores
305 1014 449 1087 victique,
464 1028 565 1086 neque
579 1011 627 1071 his
643 1012 726 1087 luga
742 1026 828 1078 nota
845 1038 954 1098 neque
966 1021 1018 1080 ills.

148 1098 187 1159 Di
201 1099 283 1159 lovis
298 1097 430 1155 intectis
445 1096 521 1155 iram
535 1095 725 1156 miserantur
742 1099 882 1165 inanem

148 1182 325 1254 Ambdrum,
341 1189 371 1239 et
384 1188 485 1241 tantos
499 1178 678 1239 mortalibus
695 1197 781 1243 esse
798 1186 951 1249 labores:

148 1266 225 1326 Hinc
236 1266 351 1337 Venus,
367 1264 437 1323 hinc
453 1271 558 1325 eontra
571 1270 694 1337 spectat
710 1264 878 1331 Saturnia
893 1273 985 1340 lun0;
1045 1272 1055 1306 '¹

149 1350 265 1410 Pallida
278 1348 444 1423 Tisiphone
458 1348 559 1407 media
573 1347 650 1414 inter
664 1349 772 1410 millia
788 1358 912 1417 saevit.
1059 1413 1062 1431 ,

148 1437 189 1495 At
203 1449 277 1492 rere
293 1433 445 1506 ingentem
460 1432 600 1507 quatiens
613 1430 801 1497 Mezentius
820 1438 951 1501 hastam

148 1516 300 1579 Turbidus
315 1516 483 1591 ingreditur
497 1531 616 1589 eampo.
645 1514 752 1587 Quam
768 1537 919 1598 maguus
935 1524 1022 1585 Odon.

149 1604 246 1677 Quum
260 1601 358 1677 pedes
372 1600 486 1659 incedit
498 1600 589 1658 medii
604 1614 663 1673 per
676 1603 833 1666 maxima
848 1608 946 1669 Nerei

150 1686 275 1761 Stagna,
289 1686 371 1744 viam
386 1684 540 1757 scindens,
554 1682 682 1743 humero
699 1694 938 1761 supereminet
951 1692 1036 1753 undu.
1047 1688 1057 1711 ⁶·

148 1774 218 1843 Aut,
235 1770 361 1829 summis
376 1768 512 1827 referens
527 1782 675 1826 annosam
690 1772 868 1836 mentibus
887 1794 1002 1851 ornum,

148 1854 379 1929 Ingrediturque
394 1853 461 1912 solo
477 1858 507 1911 et
522 1859 613 1925 caput
626 1850 708 1909 inter
722 1856 846 1919 nubila
862 1863 986 1923 conditi

147 1938 228 1997 Talis
245 1954 278 1997 se
293 1936 389 1997 vastis
403 1936 492 1995 infert
506 1934 672 1993 Mezentius
686 1939 806 2000 armis.

35 2041 39 2047 ·
148 2022 226 2082 ltuie
241 2029 347 2081 contra
359 2022 491 2092 Aeneas,
506 2019 681 2094 speculatus
698 2020 733 2079 in
749 2028 892 2099 agmine
907 2031 1006 2107 longo,
1065 2021 1068 2028 ’

149 2106 265 2166 Obvius
280 2106 325 2165 ire
339 2112 435 2179 parat.
462 2104 563 2163 Manet
578 2104 816 2176 imperterritus
833 2112 901 2190 ille,
1051 2108 1072 2183 ⁶,

148 2189 277 2250 Hostem
291 2188 515 2264 magnanimum
530 2186 706 2262 opperiens
724 2197 757 2248 et
772 2196 870 2256 rnole
887 2214 950 2259 sua
963 2204 1020 2263 stat,

148 2275 250 2349 Atque
266 2274 362 2333 oeulis
377 2272 507 2347 spatium
522 2268 674 2343 emensus
691 2283 861 2345 quantum
877 2284 959 2343 satis
973 2282 1053 2341 haue.

147 2357 283 2433 „Dextra
297 2357 369 2437 mihi
385 2356 462 2416 deus
477 2356 619 2428 ateium,
636 2355 724 2428 quod
738 2359 878 2424 missile
894 2366 984 2441 libro,

148 2441 253 2517 „Nunc
268 2442 383 2501 adsint!
408 2440 517 2500 Voveo
531 2438 696 2515 praedonis
714 2455 867 2518 corpore
884 2452 985 2527 raptis

148 2524 309 2601 „indutum
324 2525 432 2599 spoliis
447 2524 549 2598 ipsum
562 2532 600 2596 te,
615 2522 727 2597 Lause,
745 2532 932 2604 tropaeum
1051 2524 1064 2541 '

147 2609 322 2683 „Aeneac.“
350 2608 440 2681 Dixit,
456 2608 694 2679 stridentemque
708 2610 849 2675 eminus
867 2617 992 2679 hastam

147 2691 237 2761 lecit3
260 2699 290 2751 at
302 2692 354 2750 illa
367 2693 477 2752 volans
493 2692 592 2766 clipeo
607 2697 654 2749 est
669 2705 829 2773 excussa,
849 2703 1020 2777 proculque

146 2774 309 2849 Egregium
322 2778 460 2835 Antoren
474 2776 553 2835 latus
567 2774 643 2833 inter
656 2780 688 2833 et
700 2774 757 2835 ilia
772 2778 860 2859 figit,

147 2857 287 2919 Herculis
301 2861 437 2921 Antoren
453 2860 602 2930 comitem,
618 2857 670 2931 qui
684 2858 810 2923 missus
829 2866 876 2927 ab
892 2870 988 2945 Argis

146 2941 295 3004 Haeserat
308 2943 452 3004 Evandro
467 2951 559 3018 atque
573 2941 648 3001 ltala
662 2946 867 3012 consederat
882 2952 973 3015 urbe.
1049 2946 1066 2995 ³

146 3026 296 3089 Sternitur
310 3028 415 3087 inlelix
429 3028 528 3086 aliene
544 3026 678 3096 vulnere,
695 3028 904 3111 coelumque

145 3112 289 3187 Adspicit
303 3120 333 3171 et
346 3113 453 3173 dulces
468 3110 601 3170 moriens
615 3108 832 3175 reminiscitur
848 3124 971 3197 Argos.

144 3194 220 3255 Tum
234 3196 304 3270 pius
316 3198 440 3256 Aeneas
455 3194 575 3255 hastam
590 3193 674 3252 iacit=
696 3193 750 3253 illa
766 3213 831 3271 per
849 3204 966 3267 orbum

145 3278 227 3337 Aere
241 3294 351 3339 cavum
363 3278 482 3355 triplici,
496 3294 553 3355 per
566 3278 647 3337 linea
659 3283 757 3353 terga,
775 3282 957 3366 tribusque

144 3359 275 3422 Transiit
288 3362 436 3423 intextum
448 3363 544 3423 tauris
560 3377 649 3437 epus,
664 3361 796 3437 imaque
812 3372 907 3434 sedit
1045 3360 1066 3419 :i

144 3442 290 3521 lngttlttea
308 3447 369 3506 sed
378 3448 465 3507 uires
474 3446 562 3505 haud
572 3444 704 3517 uertnttt„
733 3444 838 3513 Ocius
855 3472 972 3521 ensem

38 3524 62 3582 ἱ
146 3534 290 3611 Aeneas,
300 3531 376 3591 uiso
384 3526 544 3606 tunnas
553 3524 845 3605 sexagensimus,
