2326 3780
100 208 171 277 loo
377 214 412 274 P.
428 209 593 272 VIRGILII
613 206 788 269 mortis

106 362 266 438 Linquens
279 363 373 437 manta
386 369 468 423 metu
482 362 673 424 cunctantem
687 367 718 420 ct
730 361 824 420 multa
838 368 1000 435 parantem
1015 368 1064 426 eto

107 447 227 506 Dicere.
257 445 434 523 Suscipiunt
449 447 589 522 famulae,
604 447 804 520 collapsaque
817 444 958 505 membra

106 531 279 592 Marmorea
294 531 429 592 referunt
440 530 574 591 thalamo
590 530 755 605 stratisque
768 536 932 605 reponunt

150 618 191 675 At
204 616 274 691 pius
287 617 421 688 Aeneas,
438 630 622 699 quamquam
636 614 732 674 lenire
745 613 900 675 dolentem

108 698 245 761 Solando
261 701 346 775 cupit
359 707 389 759 et
403 699 492 759 dictis
507 705 646 759 avertere
659 714 759 771 curas,

105 784 201 846 Multa
214 798 340 859 gemens
355 799 529 858 magnoque
543 782 675 843 animum
689 781 857 843 labefactus
872 796 989 856 amore,
1015 786 1066 845 395

105 868 196 930 Iussa
209 875 311 928 tamen
326 867 431 927 divum
445 867 632 942 exsequitur,
648 867 841 940 classemque
855 866 974 927 revisit.

105 952 181 1013 'liun
194 968 269 1013 vero
284 951 392 1011 Teucri
405 950 591 1025 incumbunt,
607 957 637 1011 et
650 950 738 1029 litore
753 951 855 1010 celsas

105 1035 268 1097 Deducunt
280 1041 345 1096 toto
360 1051 467 1096 naves.
495 1034 584 1094 Natat
596 1043 688 1095 uncta
701 1034 813 1109 carina,

105 1119 359 1194 Frondentesque
373 1119 472 1178 lerunt
485 1134 589 1181 remos
604 1126 634 1179 et
647 1119 761 1180 robora
775 1118 862 1179 silvis

105 1203 297 1276 Inlabricata,
313 1204 403 1277 lagae
418 1202 531 1263 studio.
1015 1212 1069 1268 too

104 1287 273 1362 llligrantes
289 1302 397 1347 cernas
412 1294 538 1367 totaque
552 1302 592 1347 ex
606 1286 682 1346 urbe
695 1293 828 1361 ruentes,

104 1372 153 1431 Ac
166 1373 249 1431 velut
263 1371 415 1447 ingentem
430 1372 576 1432 formicae
591 1371 680 1432 larris
694 1386 838 1431 acervum

106 1454 204 1530 Quum
219 1457 376 1533 populant,
391 1456 501 1517 hiemis
515 1471 676 1529 memores,
692 1462 836 1531 tectoque
849 1463 1015 1533 reponunt:

104 1539 131 1600 lt
144 1540 263 1615 nigrum
278 1540 394 1616 campis
409 1556 519 1616 agmen
533 1540 743 1615 praedamque
756 1554 812 1615 per
825 1539 939 1601 herbas

106 1624 294 1686 convectant
307 1626 385 1685 calle
400 1632 539 1700 angusto,
553 1640 626 1700 pars
641 1623 770 1698 grandia
782 1624 907 1685 trudunt
1014 1634 1067 1689 loa

107 1706 245 1769 Obnixae
258 1710 409 1781 frumenta
421 1708 565 1783 hunneris,
581 1723 654 1784 pars
670 1707 792 1782 agmina
806 1716 920 1784 cogunt

104 1792 322 1870 castigantque
335 1807 454 1863 moras;
477 1807 572 1869 opere
587 1791 685 1852 omnis
701 1792 810 1851 semita
823 1793 930 1852 lervel.

104 1875 179 1951 Quis
193 1876 246 1938 tibi
260 1885 340 1951 tunc,
356 1878 446 1949 Dido,
462 1876 596 1937 cernenti
609 1875 830 1965 taliascnsust

104 1961 229 2035 Quosve
243 1961 341 2022 dabas
356 1963 495 2036 gemitus,
512 1977 605 2034 quum
619 1959 709 2019 litora
723 1959 843 2021 fervere
856 1961 916 2020 lata

102 2044 301 2122 Prospiceres
316 2060 388 2106 arce
402 2060 442 2105 ex
457 2059 585 2115 summa,
601 2050 759 2118 totumque
774 2044 895 2105 videres
1013 2053 1068 2107 410

102 2129 226 2190 Misceri
240 2136 310 2189 ante
324 2129 432 2189 oculos
446 2128 538 2187 lanas
554 2127 740 2188 clamoribus
754 2135 893 2204 aequori

102 2212 244 2290 Improbe
259 2229 354 2287 amor,
370 2212 444 2289 quid
459 2227 521 2272 non
535 2212 675 2271 mortalia
688 2217 816 2288 pectora
829 2212 938 2287 cogis?

102 2297 151 2357 Ira
165 2298 273 2357 iterun
288 2298 318 2357 in
333 2296 483 2369 lacrimas,
499 2296 607 2356 iterum
621 2302 738 2356 tentare
752 2295 909 2372 precando

104 2379 270 2455 cogitaret
284 2380 417 2457 supplex
432 2380 552 2441 animos
567 2378 744 2441 submittere
758 2378 864 2453 amori,

102 2463 147 2522 Ne
163 2463 237 2538 quid
250 2465 443 2540 inexpertum
457 2466 569 2524 lrustra
583 2464 730 2523 moritura
743 2463 905 2539 relinquat.
1010 2472 1064 2527 415

102 2547 223 2622 „Anna
238 2548 328 2608 vides
342 2554 408 2608 toto
422 2548 584 2625 properari
597 2549 709 2608 litorei
730 2547 849 2627 Circum

103 2630 268 2706 „Undique
283 2647 472 2703 convenere,
493 2638 586 2692 vocat
599 2632 659 2691 iam
673 2631 821 2691 carbasus
835 2647 936 2706 auras,
1030 2656 1034 2665 ·

102 2714 281 2793 „Puppibus
296 2724 327 2777 et
339 2716 412 2777 laeti
425 2722 536 2776 nautae
550 2715 726 2791 imposuere
742 2731 885 2777 coronas.

101 2798 211 2875 „Hunc
225 2814 284 2875 ego
299 2799 327 2861 si
340 2800 427 2877 pptui
440 2806 557 2861 tautum
571 2815 698 2877 sperare
713 2800 861 2875 dolorem,

101 2884 160 2958 „Et
169 2884 315 2961 perferre,
326 2900 425 2959 soror,
436 2890 555 2961 potero.
576 2883 709 2945 Miserae
719 2883 780 2944 hoo
791 2889 893 2945 umen
903 2898 997 2943 unum
1010 2890 1062 2944 lat

100 2968 309 3045 „Exsequera
324 2969 424 3042 Anna,
439 2969 531 3028 mihi-
541 2970 640 3030 solam
654 2984 725 3028 nam
739 2966 879 3045 perfidus
893 2966 944 3027 ille

100 3050 164 3127 „Tc
178 3053 290 3128 colere,
304 3068 436 3114 arcanos
451 3053 542 3113 etiam
554 3052 610 3115 tibi
625 3053 751 3113 credere
766 3068 895 3122 sensus;

99 3134 198 3211 „Sola
209 3137 269 3197 viri
282 3136 391 3199 molles
407 3136 509 3199 aditus
523 3143 555 3198 ct
567 3144 707 3214 tempora
720 3151 849 3197 noras-2

100 3218 143 3295 „1,
159 3234 257 3295 soror,
273 3227 367 3297 atque
379 3220 501 3282 hostem
515 3222 649 3298 supplex
663 3220 758 3285 allarc
773 3218 950 3295 superbum.
996 3268 1000 3277 .

100 3302 190 3378 „Non
204 3318 263 3380 ego
279 3321 348 3367 cum
360 3305 476 3366 Danais
489 3305 651 3367 Troianam
666 3306 850 3366 exscindere
864 3315 987 3381 gentem
1011 3316 1064 3371 425

101 3386 236 3462 „Aulide
248 3389 355 3463 imavi,
371 3390 543 3451 classemve
556 3390 597 3450 ad
610 3389 758 3464 Pergama
772 3386 851 3463 misi,

93 3471 183 3546 „Nec
195 3472 295 3559 patris
307 3472 466 3539 Anchisae
480 3475 617 3537 cineram
625 3472 776 3533 illanesue
786 3470 912 3530 reuelli·⁸
