2326 3780
415 134 609 195 nanninus
630 135 703 195 nra.
724 106 802 213 vui
1010 141 1071 206 199

162 291 303 350 Proxima
319 289 430 349 deinde
443 295 546 347 tenent
560 289 667 347 nraesti
682 289 760 363 loca,
777 291 828 364 qui
842 291 901 351 sihi
915 293 1006 354 letum

121 379 265 439 insontes,
275 388 424 450 peperere
438 388 539 446 manu,
554 372 715 447 lucemque
729 374 834 447 perosi
890 424 895 432 .
1017 386 1069 441 435

120 458 420 521 Proiecereanimos.
449 455 544 528 Quam
557 457 670 515 vellent
683 457 805 516 aethere
819 458 849 516 in
863 461 925 520 alto

120 546 206 605 Nunc
221 551 251 602 et
265 541 442 618 pauperiem
456 545 487 598 et
500 539 594 598 duros
608 542 744 614 perferre
757 541 894 602 labores!
915 592 917 596 ,
997 558 1001 566 ’

120 628 181 691 Eas
197 627 306 702 obstat,
319 625 458 698 tristique
472 624 561 698 palus
576 623 745 684 inamabilis
761 627 843 684 unda
904 676 907 683 .

121 713 241 788 Alligat,
256 717 287 770 et
298 709 407 769 novies
422 707 502 784 Styx
515 707 662 767 interfusa
676 712 805 768 co'e'rcet.

162 797 225 855 Nec
234 794 342 871 procul
352 793 423 852 hinc
433 797 550 867 partem
562 792 620 850 lusi
631 800 836 853 monstrantur
847 795 877 853 in
889 789 1071 856 ornnemldb

121 881 273 956 Lugentes
289 877 402 953 campis
423 875 470 935 sic
484 875 552 934 illos
568 877 689 935 nomine
703 876 814 936 dicunt.
918 904 921 911 ·
1005 871 1008 875 “

121 964 187 1038 Hic,
204 979 283 1038 quos
299 962 393 1022 durus
407 975 493 1019 amor
508 959 623 1019 crudeli
637 960 707 1020 tube
721 961 848 1035 peredit,

122 1047 238 1108 Secreti
253 1046 351 1106 celant
365 1045 468 1117 calles
485 1050 515 1103 et
528 1051 646 1118 myrtea
659 1045 771 1105 circum

122 1132 207 1192 Silva
219 1130 307 1206 tegit:
329 1143 420 1189 curae
434 1143 496 1186 non
510 1127 580 1203 ipsa
593 1128 624 1187 in
638 1135 735 1188 morte
748 1130 930 1206 relinquunt
1019 1137 1072 1191 444

120 1216 176 1276 His
190 1214 361 1289 Phaedram
373 1212 568 1286 Procrimque
583 1211 660 1272 locis
674 1221 883 1289 maestamque
893 1213 1069 1291 Eriphylen,

120 1297 261 1359 Crudelis
275 1297 338 1356 nati
351 1302 569 1354 monstrantem
584 1296 718 1369 vulnera,
734 1297 837 1369 cernit,
1018 1304 1072 1359 446

120 1381 333 1454 Evadnenque
347 1386 378 1437 et
389 1377 576 1453 Pasiphaam
602 1379 650 1437 his
664 1379 830 1438 Laodamia

121 1467 148 1524 It
163 1478 276 1537 comes,
292 1463 323 1521 el
335 1461 454 1521 iuvenis
470 1461 634 1537 quondam,
649 1478 730 1521 nunc
744 1463 864 1537 femina,
880 1463 1027 1539 cuonone,

123 1550 241 1608 Rursus
256 1547 331 1605 etin
345 1550 479 1604 veterem
493 1546 555 1604 lato
570 1546 710 1606 revoluta
723 1545 861 1621 figuram.

121 1634 205 1692 Inter
220 1646 297 1705 quas
311 1628 482 1689 Phoenissa
494 1644 602 1689 recens
618 1630 777 1689 avulnere
790 1631 869 1689 Dido
1021 1639 1073 1694 454

121 1714 249 1776 Errabat
263 1714 342 1773 silva
354 1714 386 1772 in
400 1729 523 1789 magna:
545 1729 637 1788 quam
650 1714 757 1773 Troius
771 1713 874 1773 heros.

122 1801 161 1861 Ut
176 1799 306 1876 primum
320 1798 405 1858 iuxta
418 1799 500 1858 stetit
513 1798 698 1873 agnovitque
712 1814 768 1873 per
781 1796 917 1857 umbram

121 1885 301 1958 Obscuram,
319 1883 441 1956 qualem
454 1883 552 1957 primo
568 1882 620 1957 qui
633 1898 759 1957 surgere
771 1897 878 1942 mense

121 1971 184 2028 Aut
197 1967 283 2028 videt
296 1973 348 2026 aut
362 1966 478 2026 vidisse
493 1973 578 2041 putat
591 1982 647 2042 per
661 1967 763 2026 nubila
776 1967 894 2037 lunam3

75 2056 84 2085 '·
120 2052 250 2112 Demisit
264 2051 415 2124 lacrimas,
432 2051 574 2124 dulcique
589 2051 700 2111 affatus
715 2066 818 2109 amore
833 2056 896 2110 esti
1021 2056 1072 2114 455

123 2137 250 2212 „infelix
263 2135 352 2209 Dido,
367 2150 459 2195 verus
474 2135 547 2194 mihi
561 2135 682 2195 nuntius
697 2150 770 2208 ergo
845 2170 848 2175 -
902 2139 946 2145 ''
1058 2144 1061 2155 ·

119 2222 277 2299 „Venerat
291 2219 471 2279 exstinctam
485 2220 777 2294 ferreque-extrema
791 2225 947 2279 secutam?
972 2276 974 2280 ,

123 2303 271 2378 „Funeris
285 2302 348 2363 heu
359 2303 413 2363 tibi
427 2319 523 2365 causa
536 2303 600 2363 luit
620 2301 676 2361 Per
691 2303 793 2362 sidera
807 2303 882 2378 iuro,

122 2386 200 2462 „Per
215 2401 354 2460 superos,
376 2387 447 2447 etsi
461 2403 523 2461 qua
536 2387 615 2449 fides
629 2387 735 2446 tellure
750 2387 806 2447 sub
822 2388 883 2446 ima
897 2393 958 2447 esti

122 2468 268 2547 „invitus
283 2469 464 2544 reginaldo
478 2470 518 2531 de
531 2471 619 2532 litore
633 2471 729 2542 cessi;
901 2494 905 2501 ⁴
974 2486 978 2493 ·
1021 2476 1074 2533 466

122 2553 207 2631 „Sed
221 2569 270 2611 me
284 2551 371 2612 iussu
384 2552 485 2626 derlm,
500 2570 581 2630 quae
594 2570 674 2614 nunc
688 2555 744 2614 has
759 2555 804 2614 ire
818 2571 873 2632 per
888 2554 1020 2630 umbras,

121 2638 201 2717 „Per
214 2638 284 2697 loca
298 2641 387 2697 senta
400 2637 460 2697 situ
475 2646 585 2713 cogunt
599 2647 781 2714 noctemque
795 2639 987 2715 profundam,

121 2721 281 2800 „Imperiis
297 2735 389 2799 egere
404 2721 478 2795 suh,
494 2737 551 2781 nec
566 2723 691 2782 credere
707 2723 790 2798 quivi

120 2806 228 2884 „Hunc
243 2812 358 2865 tantum
372 2804 426 2865 tibi
440 2821 489 2864 me
504 2806 645 2867 discessu
658 2807 738 2866 lerre
754 2807 902 2867 dolorem.

122 2890 223 2967 „Siste
238 2890 375 2965 gradum,
390 2885 482 2964 teque
497 2890 647 2965 adspectu
661 2906 700 2948 ne
715 2889 857 2949 subtrahe
872 2895 987 2949 nostro.
1021 2896 1073 2951 465

121 2974 240 3049 „Quem
251 2974 353 3048 lugiet
367 2981 543 3045 extremum,
557 2976 618 3034 lato
632 2973 715 3048 quod
725 2979 755 3032 te
766 2973 915 3046 alloquor,
926 2972 986 3032 hoc
996 2977 1072 3033 est“

121 3056 244 3118 Talibus
259 3057 381 3119 Aeneas
397 3058 599 3119 ardentem-et
611 3065 699 3118 torva
712 3064 844 3117 tuentem

121 3140 249 3201 Lenibat
263 3140 352 3201 dictis
367 3143 507 3215 animum,
524 3142 727 3215 lacrimasque
743 3141 857 3210 ciebat;

120 3227 177 3285 Illa
191 3226 258 3285 solo
274 3225 605 3288 fixosoculosaversa
618 3225 749 3298 tenebat,

120 3311 183 3370 Nec
197 3309 294 3385 magis
310 3310 431 3388 incepto
447 3311 561 3371 vultum
576 3326 722 3372 sermone
734 3315 895 3380 mouetur,
1048 3308 1107 3359 utu

120 3395 214 3468 Quam
228 3394 256 3453 si
271 3394 349 3455 dura·
358 3396 438 3456 silex
452 3402 505 3457 aut
520 3403 581 3459 st'et
595 3397 769 3476 Marpesia
781 3400 910 3455 cautes.
