2326 3780
172 227 235 291 202
441 225 473 284 P.
494 224 656 286 VIRGILII
677 221 858 285 MARONIS

213 380 351 455 Respicit
361 379 485 439 Aeneas
501 376 601 438 subito
617 384 647 434 et
661 375 718 435 sub
733 392 810 452 mpe
829 379 973 443 sinistra

171 465 294 525 Moenia
308 465 369 524 lata
382 464 475 539 videt,
491 461 601 536 triplici
617 461 804 521 circumdata
818 479 928 541 muro,

173 550 256 623 Quae
271 549 398 623 rapidus
414 547 544 608 llammis
560 544 652 604 ambit
665 545 851 605 torrentibus
867 553 994 628 amnis,
1097 561 1128 615 tlt

171 636 332 693 Tartareus
345 632 542 707 Phlegethon,
562 636 744 704 torquetque
759 634 911 692 sonantia
928 653 1026 697 saxa.
1137 692 1140 703 .

171 717 263 777 Porta
277 717 418 790 adversa,
434 717 551 790 ingens,
567 714 731 789 solidoque
745 714 919 777 adamante
938 723 1107 785 columnae.
1136 718 1139 725 '

171 802 229 861 Vis
244 808 277 860 ut
292 802 375 860 nulla
389 800 496 875 virdm,
512 816 573 859 non
589 798 648 873 ipsi
664 799 847 858 exscindere
864 801 958 865 ferro

173 885 345 945 Coelicolae
360 885 492 943 valeant.
521 883 586 943 Stat
601 884 700 941 terrea
714 884 803 941 turris
817 884 860 941 ad
877 902 994 965 auras,

171 969 401 1044 Tisiphoneque
416 968 539 1042 sedens,
554 967 636 1042 palla
650 967 806 1026 succincta
820 980 970 1049 cruenta,
1093 982 1125 1035 aa

170 1052 364 1113 Vestibulum
378 1053 535 1111 exsomnis
552 1057 656 1110 servat
668 1058 838 1125 noctesque
854 1053 1012 1132 diesque.

171 1138 248 1197 Hinc
264 1136 402 1194 exaudiri
416 1136 545 1209 gemitus
562 1142 591 1194 et
606 1151 701 1194 saeva
715 1151 825 1194 sonare

171 1219 317 1292 Verbera,
334 1226 396 1279 tum
410 1220 524 1280 stridor
538 1220 609 1279 ferri
624 1226 799 1294 tractaeque
814 1227 964 1283 catenae.

173 1303 311 1362 Constitit
324 1305 455 1379 Aeneas
472 1305 660 1380 strepituque
675 1303 834 1362 exterritus
850 1304 972 1369 haesit.
1131 1376 1135 1387 ,

173 1388 277 1462 „Quae
292 1388 440 1447 scelerum
455 1389 572 1449 iacies?
594 1403 611 1447 o
627 1388 722 1462 virgo,
739 1387 846 1458 effare3
872 1392 1043 1463 quibusve
1090 1402 1135 1475 ⁵⁶⁰l

173 1472 365 1546 „Urguentur
378 1473 509 1548 poenis?
531 1473 583 1548 qui
596 1478 697 1531 tantus
713 1472 841 1546 plangor
857 1473 898 1533 ad
917 1485 1070 1541 aurasi“

171 1556 244 1614 Tum
259 1563 346 1615 vates
362 1557 406 1616 sic
421 1573 493 1617 orsa
507 1556 605 1631 loqui=
627 1557 715 1629 „Dux
731 1556 843 1634 inclyte
858 1558 1034 1639 Teucriam,
1129 1580 1133 1629 ;

172 1641 270 1715 „Nulli
285 1641 332 1700 las
347 1648 431 1700 oasto
448 1643 629 1701 sceleratum
644 1640 784 1698 insistere
798 1640 910 1711 limen3

171 1723 255 1801 „Sed
270 1739 319 1783 me
334 1741 426 1801 quum
440 1725 517 1786 lucis
532 1726 646 1785 Hecate
661 1725 808 1799 praefecit
818 1726 973 1805 Avernis,

172 1809 265 1884 „Ipsa
280 1808 371 1868 deum
387 1826 504 1885 poenas
519 1809 624 1870 docuit
638 1823 755 1884 perque
771 1809 874 1868 omnia
888 1811 997 1875 duxit.
1087 1822 1133 1883 att:

172 1893 326 1967 „Gnosius
341 1892 418 1953 haec
432 1893 681 1955 Rhadamanthus
696 1892 795 1967 habet,
812 1893 992 1960 durissima
1004 1917 1101 1980 regna,
1128 1896 1134 1963 l

171 1978 385 2053 „Castigatque
399 1979 544 2052 auditque
560 1979 657 2049 dolos,
674 1977 846 2052 subigitque
863 1979 970 2059 lateri,

171 2062 276 2138 „Quae
292 2062 360 2137 quis
376 2063 459 2137 apud
474 2079 613 2137 superos,
630 2064 709 2121 lurto
725 2062 851 2122 laetatus
867 2063 969 2143 inani,

171 2145 313 2220 „Distulit
326 2145 356 2204 in
372 2161 473 2205 seram
489 2147 653 2206 commissa
667 2147 788 2221 piacula
801 2153 947 2209 mortem.

171 2230 339 2304 „Continuo
356 2237 461 2290 sontes
475 2231 567 2291 ultrix
581 2231 717 2290 accincta
731 2230 851 2305 flagello
1086 2246 1118 2303 gp

171 2314 358 2388 „Tisiphone
373 2314 469 2388 quatit
483 2315 640 2391 insultans,
656 2323 824 2390 torvosque
839 2315 976 2381 sinistra
1130 2308 1135 2317 ’

170 2397 345 2472 „lntentans
360 2414 485 2474 angues,
502 2407 593 2459 vocat
607 2400 728 2474 agmina
743 2415 838 2459 saeva
852 2416 1021 2467 sororum.

171 2480 265 2555 „Tum
281 2481 402 2541 demum
416 2483 578 2543 horrisono
594 2484 756 2543 stridentes
772 2484 899 2544 cardine
915 2503 1039 2555 sacrae

171 2562 365 2639 „Panduntur
379 2573 495 2640 portae.
525 2567 638 2639 Cernis,
656 2568 796 2627 custodia
810 2569 913 2642 qualis
1133 2640 1136 2649 Ι

170 2646 350 2722 „vestibulo
367 2650 481 2724 sedeat
502 2651 596 2710 iacies
613 2668 692 2725 quae
707 2652 809 2711 limina
823 2664 955 2717 serveti
1088 2664 1137 2723 tlt.

170 2730 416 2807 „Quinquaginta
430 2734 502 2793 atris
518 2735 656 2795 immanis
671 2736 802 2796 hiatibus
817 2736 932 2813 Hydra

170 2815 320 2891 „Saevior
334 2816 415 2877 intus
430 2817 522 2878 habet
536 2820 658 2888 sedem;
680 2828 743 2879 tum
757 2822 901 2881 Tartarus
918 2826 998 2901 ipse

170 2900 242 2976 „Bis
258 2906 341 2975 patet
355 2901 385 2960 in
400 2918 551 2979 praeceps
567 2911 681 2965 tantum
695 2905 854 2979 tenditque
869 2909 932 2969 sub
947 2915 1090 2989 umbras,

170 2985 326 3061 „Quantus
342 2986 382 3045 ad
396 2987 561 3047 aetherium
577 2989 654 3048 coeli
668 2997 829 3063 suspectus
847 2987 1039 3073 Olympum,

170 3070 247 3143 „Hic
261 3085 358 3146 genus
374 3071 529 3146 antiquum
543 3072 662 3147 Terrae,
680 3073 797 3132 Titania
810 3073 924 3151 pubes,
1089 3088 1124 3147 stt

170 3153 325 3227 ,Tulmine
341 3154 450 3215 deiecti
466 3157 560 3216 lundo
575 3158 738 3217 volvuntur
751 3158 781 3216 in
797 3157 868 3215 imo.
1140 3174 1143 3179 ·

170 3238 247 3310 „Hic
263 3244 292 3297 et
306 3237 434 3299 Aloidas
449 3241 596 3315 geminos,
615 3241 757 3300 immania
769 3240 834 3299 vidi

170 3320 338 3396 „Corpora
354 3323 405 3397 qui
421 3325 559 3385 manibus
574 3341 716 3400 magnum
730 3324 910 3385 rescindere
927 3334 1061 3401 coelum

168 3405 349 3483 „Aggressi
371 3408 555 3484 superisque
568 3409 675 3467 lovem
687 3409 848 3467 detrudere
863 3414 989 3484 regnis,

61 3482 103 3570 Ι
163 3491 261 3568 „vidi
278 3500 308 3557 et
323 3493 472 3577 crudeles
485 3494 614 3554 dautem
622 3490 795 3550 Salmonea
802 3502 943 3562 poenas,
1090 3468 1149 3561 ,5¹
