2326 3780
360 267 555 331 subtritos
575 269 648 329 LIB.
662 271 712 329 llI.
950 267 1011 333 131

64 421 206 499 „Oenotri
221 421 342 481 coluere
356 420 431 492 viri;
453 420 637 499 nunciama,
653 423 786 482 minores
962 429 1013 485 16⁶

64 506 199 583 „Italiam
215 504 333 567 dixisse
346 502 435 564 ducis
451 504 490 564 de
504 505 626 566 nomine
640 513 787 581 gentem-2

64 591 148 666 „Hae
161 588 252 650 nobis
266 588 410 665 propriae
424 588 532 660 sedes;
554 589 624 650 hinc
637 590 799 651 Dardanus
814 597 898 650 ortus

64 673 244 750 „Iasiusque
257 678 352 749 pater,
367 688 465 749 genus
480 689 500 732 a
514 689 575 747 quo
589 673 727 749 principe
741 680 887 735 nostrum.
984 690 992 703 ·

64 756 181 834 „Surge
194 772 261 832 age,
277 756 397 817 ethaeo
411 758 509 817 laetus
523 758 675 833 longaevo
691 758 773 819 dicta
785 758 902 833 parenti

64 841 174 916 „Haud
185 840 352 900 dubitanda
361 841 455 900 retem
472 840 638 917 Corythum
648 848 806 917 terrasque
817 841 949 916 requirat
963 847 1016 901 170

64 925 248 1003 „Ausonias
281 923 408 985 Dictaea
421 931 513 999 negat
525 924 578 984 tibi
592 925 706 1001 Iupiter
719 930 822 987 arva.“

64 1008 184 1069 Talibus
199 1008 343 1069 attonitus
357 1007 434 1068 visis
449 1023 485 1068 ac
499 1024 578 1069 voce
592 1009 733 1070 deorum-

62 1093 124 1152 Nec
139 1106 236 1167 sopor
249 1091 324 1152 illud
338 1099 411 1165 erat,
428 1092 486 1152 sed
499 1107 602 1153 coram
615 1109 784 1169 agnoscere
799 1095 900 1155 vultus

62 1176 251 1251 velatasque
266 1192 369 1236 comas
384 1178 620 1254 praesentiaque
634 1194 689 1238 ora
702 1177 846 1249 videbam

62 1261 137 1320 Tum
152 1259 271 1335 gelidus
285 1267 350 1321 toto
364 1260 506 1321 manabat
519 1276 650 1337 corpore
665 1262 783 1337 sudor,
965 1267 1016 1323 lto

64 1343 201 1419 Corripio
216 1359 234 1403 e
249 1344 352 1404 stratis
366 1359 489 1420 corpus,
503 1345 658 1420 tendoque
674 1345 801 1421 supinas

63 1427 114 1487 Ad
128 1428 246 1487 coelum
260 1443 328 1489 cum
341 1442 420 1488 voce
434 1445 549 1501 manuS,
566 1436 596 1488 et
609 1444 736 1489 munera
748 1428 809 1488 libo

64 1511 243 1572 intemerata
257 1512 346 1572 iocis.
379 1511 516 1571 Perfecto
531 1513 629 1573 taetus
643 1512 762 1572 honore

64 1594 220 1654 Anchisen
234 1596 314 1655 tasio
330 1602 454 1669 cenum.
469 1610 595 1671 remque
610 1596 718 1656 ordine
731 1594 845 1671 pando.

66 1680 199 1757 Agnovit
211 1682 328 1756 prolem
343 1680 515 1757 ambiguam
529 1681 729 1756 geminosque
743 1688 895 1756 parentes,
965 1689 1018 1744 180

66 1763 168 1839 Seque
181 1779 263 1825 novo
277 1772 414 1825 veterum
429 1764 590 1840 deceptum
601 1780 705 1825 errore
718 1766 865 1825 locorum.

64 1847 138 1909 Tum
151 1856 312 1909 memorab
334 1848 436 1923 „Nate
451 1848 552 1910 iliacis
567 1850 699 1910 exercite
714 1848 793 1923 tatis,

64 1930 159 2007 „Soio
170 1932 244 1993 mihi
257 1934 335 1993 tates
351 1948 443 1993 casus
458 1932 632 1994 Cassandra
647 1933 790 2004 canebat;

64 2016 168 2091 „Nunc
182 2024 287 2093 repeto
301 2016 378 2077 haec
392 2017 497 2093 generi
510 2017 694 2094 portendere
709 2017 812 2079 debita
825 2026 940 2093 nostro,

64 2100 120 2175 „Et
134 2114 230 2177 saepe
243 2102 433 2177 Hesperiam,
447 2116 543 2177 saepe
556 2102 631 2163 Itala
644 2118 739 2177 regna
752 2117 875 2162 vocare.
964 2107 1016 2163 185

64 2184 148 2259 „Sed
161 2184 231 2261 quis
246 2186 287 2245 ad
299 2184 469 2261 Hesperiae
482 2190 628 2247 venturos
643 2187 731 2246 litora
744 2186 879 2251 Teucros

63 2266 236 2343 „Crederet
251 2275 304 2330 aut
318 2285 409 2344 quem
422 2277 486 2329 tum
499 2275 586 2330 vates
602 2270 776 2331 Cassandra
792 2274 950 2332 moveret?

64 2350 234 2428 „Cedamus
247 2350 382 2424 Phoebo,
398 2361 428 2413 et
440 2353 546 2413 moniti
560 2354 688 2415 meliora
701 2360 902 2430 sequanum

65 2434 116 2497 Sic
131 2436 180 2509 ait,
196 2442 227 2496 et
240 2436 340 2497 cuncti
355 2437 436 2497 dicto
451 2453 595 2513 paremus
610 2444 753 2498 ovantesa

63 2519 149 2579 Hanc
164 2536 289 2596 quoque
303 2521 474 2581 deserimus
489 2522 604 2594 sedem,
620 2522 791 2597 paucisque
805 2522 918 2585 relictis
965 2531 1018 2587 190

63 2605 142 2663 Vela
155 2604 272 2679 damus,
287 2611 471 2680 vastumque
485 2621 561 2664 cava
574 2605 660 2665 trabe
674 2606 822 2669 currimus
837 2602 962 2683 aequor.

104 2688 270 2763 Postquam
288 2690 380 2750 altum
394 2698 520 2751 tenuere
533 2688 625 2761 rates,
647 2704 705 2751 nec
719 2689 780 2748 iam
793 2692 924 2768 amplius
937 2690 1016 2751 ullae

63 2772 223 2847 Apparent
235 2779 343 2845 terrae,
360 2775 478 2833 coelum
493 2774 629 2850 undique
643 2780 674 2832 et
687 2773 824 2849 undique
838 2782 966 2851 pontum
1067 2828 1074 2861 Ι

64 2854 138 2914 Tum
152 2856 225 2916 mihi
240 2858 399 2918 caeruleus
416 2874 511 2934 supra
525 2865 616 2933 caput
629 2857 745 2918 adstitit
757 2857 854 2918 imber

63 2939 189 2999 Noctem
199 2940 391 3017 hiememque
401 2942 512 3015 ferens,
525 2948 556 3002 et
565 2941 713 3002 inhorruit
719 2942 802 3002 unda
807 2941 950 3002 tenebris.
965 2947 1017 3003 195

65 3023 214 3084 Continuo
228 3024 312 3085 venti
325 3026 455 3086 volvunt
469 3042 552 3085 mare
565 3041 736 3102 magnaque
751 3032 878 3101 surgunt
915 3062 919 3067 ·

63 3108 224 3184 Aequora:
247 3109 381 3185 dispersi
394 3107 541 3169 iactamur
553 3112 672 3186 gurgite
685 3118 785 3170 vasto.

63 3191 224 3252 Involvere
239 3193 320 3253 diem
333 3192 437 3268 nimbi,
452 3200 481 3253 et
495 3209 558 3252 nox
571 3194 696 3255 humida
710 3194 830 3273 coetum

63 3274 212 3346 Abstulit;
235 3277 419 3351 ingeminant
433 3276 569 3353 abruptis
583 3277 714 3339 nubibus
728 3278 831 3353 ignes:

62 3359 239 3420 Excutimur
253 3375 354 3435 cursu,
370 3367 401 3421 et
414 3360 515 3421 caecis
531 3377 666 3421 erramus
681 3361 712 3420 in
725 3362 827 3422 undis.
964 3367 1018 3419 too

63 3443 135 3518 Ipse
149 3444 230 3503 diem
244 3450 428 3521 noctemque
441 3450 535 3523 negat
550 3444 733 3507 discernere
746 3446 856 3516 coeio„

54 3526 119 3584 Nec
131 3527 311 3589 meminisse
324 3529 398 3593 viae
412 3531 520 3595 medin
532 3531 708 3595 Patimuus
719 3530 758 3591 in
768 3529 878 3672 1111ξὲ

1062 3474 1100 3574 ,l
