2326 3780
103 194 149 263 fl
374 194 408 255 Ρ.
427 194 589 257 VIRGILII
609 192 785 255 MARONIS

106 349 213 413 Omnia
225 350 283 409 fert
295 352 389 423 aetas,
403 347 537 409 animum
551 361 690 422 quoque=
712 361 808 422 saepe
822 348 886 424 ego
902 351 1029 430 longos

105 433 261 496 cantando
275 448 402 510 puerum
413 433 537 507 ,memini
554 446 603 491 mc
618 430 752 491 condere
765 431 871 504 solem

103 518 189 580 Nunc
204 516 296 579 oblita
308 517 382 577 mihi
395 523 440 577 tot
454 516 596 589 camina,
612 529 675 576 vox
689 530 812 591 quoque
825 516 970 582 Moerim

104 603 168 663 lam
182 602 257 677 rugit
269 602 352 679 ipso=
374 601 438 676 lupi
449 600 578 660 Moerim
590 600 697 660 videre
710 600 842 676 priores

106 685 169 747 Sed
181 693 283 749 tamen
295 687 356 748 ista
368 685 443 746 satis
457 685 569 745 referet
581 683 640 744 tibi·
649 700 746 762 saepe
757 684 932 763 Menalcas,
1038 700 1072 753 so

106 854 266 918 Causando
277 861 403 915 nostros
416 851 449 911 in
461 852 586 929 longum
599 852 686 913 ducis
702 867 839 925 amoram

104 938 143 1001 Et
154 956 235 1000 nunc
249 953 338 999 omne
350 935 405 996 tibi
420 942 547 998 stratum
561 936 629 997 siiet
643 952 768 1013 aequor,
783 944 815 998 et
829 951 954 1017 omnes,

104 1022 250 1100 Adspice,
265 1021 386 1082 ventosi
401 1021 577 1081 ceciderunt
589 1023 751 1081 murmuris
766 1037 869 1081 aurae.

104 1105 181 1166 Hinc
196 1108 274 1168 adso
288 1106 390 1167 media
403 1112 452 1166 est
464 1105 554 1165 nobis
567 1105 632 1164 vic:
654 1120 788 1181 namque
801 1107 986 1182 sepulcrum

104 1191 212 1268 Incipit
227 1206 377 1267 apparere
387 1189 539 1251 Bianoris.
572 1190 638 1264 Hic,
651 1189 705 1250 ubi
719 1190 834 1251 densas
1028 1203 1065 1259 oo

104 1276 266 1351 Agricolae
280 1275 430 1350 stringunt
444 1275 580 1349 frondes,
596 1274 655 1347 hic,
669 1273 776 1349 Moeri,
791 1289 959 1337 canamusa

104 1359 160 1419 Hic
173 1358 292 1420 haedos
307 1360 429 1436 depone
435 1366 561 1431 stamen
576 1359 734 1419 veniemus
749 1358 780 1418 in
794 1358 931 1431 urbem-3

104 1444 166 1503 Aut
179 1443 215 1519 si,
230 1460 292 1504 nox
306 1445 440 1521 pluviam
454 1460 493 1504 ne
509 1443 633 1518 colligat
645 1449 723 1516 ante,
739 1459 888 1518 veremur,

105 1526 265 1588 cantantes
280 1529 350 1589 licet
363 1528 576 1605 usqueminus
590 1527 642 1586 via
654 1526 878 1587 laediteomus.

105 1610 266 1672 Cantantes
280 1621 312 1673 ut
326 1629 441 1688 eamus,
456 1628 514 1687 ego
529 1612 589 1670 hoc
602 1617 634 1670 te
647 1611 734 1671 fasce
747 1611 868 1671 levabo.
1024 1622 1059 1677 aa

102 1779 215 1840 Desine
229 1782 325 1857 ptura,
340 1797 426 1859 puer,
442 1786 480 1855 et,
497 1779 581 1856 quod
594 1794 674 1838 nunc
687 1780 787 1853 instat,
801 1794 947 1854 agamus=

105 1864 242 1925 Carmina
254 1874 317 1925 tum
330 1867 448 1937 meiius,
465 1878 558 1938 quum
572 1864 689 1922 uenerit
702 1863 778 1939 ipse,
795 1878 952 1925 canemus.

338 2078 550 2146 auitos.
596 2082 815 2146 notocnx.
944 2064 947 2069 '

101 2198 274 2260 Extremum
287 2196 378 2268 irunc,
393 2194 555 2269 Arethusa,
570 2197 644 2257 mihi
659 2196 796 2257 concede
808 2194 963 2255 laborcm=
1049 2264 1056 2273 ‚

100 2281 202 2344 Pauca
213 2296 289 2342 meo
298 2280 395 2351 datto,
411 2280 469 2340 scd
483 2296 563 2356 quae
577 2282 659 2357 legat
672 2282 743 2357 ipsa
755 2277 895 2355 Lycoris,

102 2366 243 2427 Carmina
254 2363 479 2426 suntdicenda.
513 2366 610 2442 Neget
625 2365 693 2441 quis
709 2364 843 2424 carmina
856 2363 968 2425 Gallo?

101 2450 154 2513 Sic
165 2449 228 2524 tibi,
244 2464 338 2524 quum
350 2446 462 2511 ductus
477 2450 685 2512 subterlabere
700 2447 839 2523 Sicanos,

100 2534 190 2595 Doris
207 2546 311 2593 amaru
323 2548 412 2594 suam
425 2551 488 2597 non
501 2534 707 2595 intermisceat
720 2533 844 2593 undam.

98 2619 218 2694 Incipe=
241 2617 389 2683 sollicitos
403 2620 482 2680 Galli
496 2620 639 2679 dicamus·
648 2632 780 2690 amores,
1038 2626 1058 2684 ⁶

98 2703 178 2763 Dum
190 2708 295 2762 tenera
309 2704 467 2765 attondent
480 2704 576 2763 simae
588 2701 721 2776 virgulto
734 2701 880 2777 capetias.

94 2786 167 2846 bion
181 2787 317 2849 canimus
334 2789 451 2850 surdis:
472 2785 666 2861 respondent.
676 2786 778 2845 omnia
792 2786 899 2846 silvae.

140 2869 224 2944 Quae
237 2888 363 2934 nemora
377 2878 429 2932 aut
443 2870 495 2945 qui
509 2885 568 2929 vos
582 2870 682 2930 caitus
694 2869 837 2943 habuere,
853 2869 976 2947 puellae

98 2953 220 3030 Naides,
236 2957 362 3033 indigno
377 2969 469 3031 quum
484 2952 588 3016 Gallus
603 2970 708 3015 amore
721 2953 861 3031 peribatt
1023 2968 1060 3021 ιο

97 3038 173 3098 Nam
186 3056 288 3117 neque
301 3037 426 3099 Parnasi
440 3036 531 3098 vobis
545 3038 624 3115 iuga,
638 3054 710 3099 nam
724 3054 825 3115 neque
837 3037 925 3100 Pindi

97 3122 167 3183 Ulla
179 3140 296 3186 morem
308 3120 419 3195 sccareg
433 3136 535 3197 neque
548 3124 649 3185 Aonie
661 3124 835 3200 Aganippe.

96 3204 184 3267 illum
199 3208 288 3269 etiam
302 3205 389 3278 lauri,
404 3205 495 3267 otiam
507 3205 623 3270 flevere
636 3209 788 3285 myricam

96 3286 209 3349 Pinifer
221 3290 305 3350 illum
319 3288 410 3349 etiam
424 3292 493 3353 sola
507 3293 565 3355 sub
578 3309 661 3371 rupe·
669 3294 819 3353 iacentem

95 3366 263 3449 Maenalus,
278 3381 308 3434 et
321 3373 415 3451 gelidi
428 3374 581 3439 fleverunt
594 3394 672 3439 saxa
683 3376 823 3453 Lycaei<
1019 3388 1071 3442 15.

98 3445 183 3574 ibunt
196 3462 228 3519 ct
239 3472 317 3523 oves
331 3458 555 3523 circum-nostri
568 3478 627 3525 nec
653 3461 789 3538 poenitet
801 3459 880 3536 iiius,
