2340 4296
119 124 181 187 218
399 122 427 179 Ρ.
449 122 608 181 t'tltulttl
631 121 805 181 matronis

119 276 327 351 „Iliadumque
342 272 428 332 labor
443 277 576 333 vestes.“

119 361 241 422 Talibus
255 358 361 420 Ilionei
377 358 466 418 dictis
481 358 586 417 delixa
599 357 725 419 Latinus

120 444 230 506 Obtutu
244 450 326 505 tenet
341 458 404 515 ora,
421 442 553 517 soloque
568 440 732 503 immobilis
745 440 861 517 haeret,
1039 460 1091 513 ²5⁰

118 531 253 589 Intentos
266 529 397 589 volvens
413 526 530 587 oculos.
565 525 628 585 Nee
642 542 778 602 purpura
792 542 897 601 regem

118 612 200 673 Picta
215 620 326 685 movet,
342 626 399 671 nec
414 616 537 686 sceptra
550 616 676 669 movent
688 609 836 669 Priameia
851 618 982 689 tanturn,

118 698 267 771 Quantum
282 697 312 756 in
327 693 481 763 connubio
496 700 586 753 natae
600 692 796 769 thalamoque
810 702 959 773 moratur,

117 782 155 842 Et
169 782 283 842 veteris
296 778 391 839 Fauni
404 779 502 838 volvit
516 777 574 839 sub
590 784 714 853 pectore
730 785 854 839 sortem.
1163 827 1170 856 ;

118 866 206 927 Hunc
221 866 304 924 illurn
319 862 389 922 latis
403 870 529 923 externa
544 863 582 922 ab
597 864 673 923 sede
689 864 858 938 proiectum
1038 880 1091 935 255

118 948 260 1011 Portendi
274 962 428 1023 generum,
444 946 632 1021 paribusque
647 947 678 1006 in
692 962 787 1021 regna
801 948 906 1008 vocari

118 1033 292 1109 Auspiciis;
316 1031 387 1090 huic
402 1030 580 1106 progeniem
596 1032 704 1092 virtute
719 1034 848 1093 luturam

117 1116 288 1193 Egregium,
304 1121 335 1174 et
348 1120 444 1175 totum
456 1131 535 1189 quae
550 1115 666 1175 viribus
683 1124 813 1193 occupet
827 1115 946 1179 orbern.

118 1202 254 1261 Tandem
269 1201 365 1259 laetus
381 1199 436 1259 ait:
458 1198 515 1273 „Di
529 1206 636 1261 nostra
649 1200 771 1275 incepta
784 1202 959 1263 secundent

118 1285 480 1362 „Auguriumquesuumt
503 1284 639 1355 Dabitur,
650 1284 788 1358 Troiane,
801 1286 886 1361 quod
897 1294 1004 1363 optas,
1036 1302 1090 1356 eno

118 1370 264 1448 „Moriere
277 1384 335 1429 nec
349 1384 473 1444 sperno.
507 1368 575 1429 Non
589 1368 688 1441 vobis,
704 1384 778 1444 rege
792 1370 909 1443 Latino,
991 1368 996 1378 '

118 1453 245 1530 „Divitis
259 1454 337 1515 uber
350 1454 415 1529 agri
428 1453 577 1513 Troiaeve
592 1453 749 1529 opulentia
763 1453 869 1512 deerit.

118 1540 209 1616 „lpse
223 1537 315 1599 modo
330 1536 463 1610 Aeneas,
480 1537 576 1597 nostri
590 1537 617 1597 si
632 1544 715 1597 tanta
729 1538 840 1613 cupido
856 1545 913 1613 est,

116 1623 170 1701 „Si
185 1624 270 1699 iungi
282 1623 418 1699 hospitio
433 1629 580 1698 properat
593 1622 761 1697 sociusque
774 1623 888 1697 vocari,
971 1700 978 1707 ,

116 1708 298 1786 „Adveniet
314 1709 416 1769 vultus
431 1723 509 1767 neve
524 1707 722 1767 exhorrescat
735 1706 867 1766 amicos=
1033 1721 1088 1777 2⁶5

117 1794 210 1869 „Pars
225 1794 298 1853 rnihi
313 1794 400 1869 pacis
414 1792 471 1851 erit
482 1792 620 1851 dextram
635 1791 771 1865 tetigisse
786 1791 917 1866 tyranni.

117 1879 205 1955 „Vos
221 1884 328 1938 eontra
339 1878 404 1951 regi
419 1891 488 1934 mea
502 1890 582 1934 nunc
597 1876 740 1935 mandata
752 1876 872 1935 referte.

117 1962 194 2038 „Est
206 1962 279 2021 milri
294 1968 373 2035 nata,
387 1960 454 2019 vir-o
470 1959 570 2034 gentis
586 1976 677 2034 quarn
691 1960 816 2033 iungere
831 1966 957 2021 nostrae

117 2046 203 2123 „Non
217 2046 316 2121 patrio
331 2059 370 2104 ex
385 2045 480 2121 adyto
495 2050 605 2115 sortes,
621 2058 682 2103 non
697 2044 827 2118 plurima
840 2043 929 2104 coelo

116 2130 273 2206 ‚Monstra
287 2129 403 2189 sinunt:
425 2142 556 2202 generos
572 2128 705 2187 externis
720 2126 816 2187 allone
831 2127 870 2187 ab
885 2128 960 2200 oris,
1030 2140 1085 2195 270

117 2214 203 2289 „Hoc
216 2214 301 2273 Latio
317 2218 433 2272 restare
448 2221 567 2282 canunt,
584 2213 636 2289 qui
651 2212 799 2286 sanguine
813 2218 954 2273 nostrum

116 2298 250 2371 „Nomen
266 2297 296 2356 in
311 2304 394 2357 astra
410 2297 515 2357 lerant.
549 2298 637 2357 Hunc
650 2297 735 2357 illum
749 2310 879 2371 poscere
895 2298 959 2357 lata

116 2382 173 2455 „Et
185 2396 257 2443 reor
270 2388 309 2457 el,
325 2382 353 2443 si
368 2382 441 2457 quid
456 2382 521 2441 veri
536 2380 623 2441 mens
637 2388 773 2457 augurat,
789 2386 893 2455 opto.“
989 2382 997 2397 '

116 2466 200 2525 llaec
214 2464 335 2538 effatus,
350 2480 450 2540 equos
465 2480 592 2524 nurnero
607 2472 693 2540 pater
706 2464 789 2539 eligit
802 2464 884 2524 onrni
894 2496 908 2507 ·

118 2548 304 2609 Stabant'ter
318 2556 438 2609 centurn
453 2548 538 2607 nitidi
553 2548 582 2607 in
599 2548 800 2624 praesepibus
815 2548 883 2607 altis
894 2570 923 2603 -z
1029 2562 1083 2617 255

117 2632 263 2693 Omnibus
278 2633 431 2708 extemplo
446 2632 570 2692 Teucris
583 2632 667 2693 iubet
681 2632 788 2694 ordine
803 2634 873 2693 duci

116 2718 264 2778 instratos
280 2722 364 2777 ostro
380 2715 518 2790 alipedes
534 2716 685 2797 pictisque
699 2718 825 2792 tapetis-

115 2804 219 2862 Aurea
232 2798 409 2878 pectoribus
423 2800 560 2861 demissa
572 2802 697 2861 monilia
711 2800 859 2877 pendeam

114 2886 196 2949 Tecti
212 2902 296 2960 auro,
312 2886 428 2947 fulvum
442 2886 591 2949 mandunt
607 2886 665 2947 sub
680 2886 823 2947 dentibus
836 2902 946 2947 aarum
960 2914 991 2961 -ς

113 2970 243 3031 Absenti
257 2970 382 3031 Aeneae
397 2986 516 3032 currum
531 2972 732 3047 geminosque
746 2970 863 3047 iugales
1026 2982 1085 3039 200

115 3054 237 3115 Samiae
251 3053 289 3115 ab
304 3054 449 3129 aetherio,
465 3056 617 3131 spirantes
631 3056 755 3117 naribus
771 3056 879 3130 ignem,

113 3140 236 3199 illorum
251 3140 402 3215 degente,
419 3140 495 3216 paui
511 3156 590 3216 quos
605 3141 737 3201 daedala
751 3140 837 3200 Circe

113 3221 281 3299 Supposita
296 3224 334 3285 de
349 3232 444 3285 matre
459 3226 571 3286 notlros
587 3226 686 3287 iurata
700 3223 824 3285 creavit.

111 3306 234 3371 Talibus
248 3309 414 3369 Aeneadae
429 3310 519 3369 donis
534 3309 685 3383 dictisque
699 3309 797 3370 Latini

105 3390 263 3457 Sublimes
277 3394 308 3457 in
324 3393 416 3473 equis
430 3392 572 3468 redeunt,
585 3408 757 3471 pacemque
767 3398 935 3466 reportant
1028 3406 1085 3463 η
