2326 3780
95 190 137 251 96
367 184 398 242 Ρ.
420 182 581 243 VIRGlLll
601 178 776 242 MARONIS

96 342 181 409 „Non
198 340 294 410 datur,
310 353 346 397 ac
360 353 452 397 veras
467 335 573 396 audire
587 339 617 392 et
631 334 761 393 reddere
776 337 910 393 vocesl“

51 472 57 489 .
96 424 217 487 Talibus
233 422 359 493 incusat,
375 434 577 496 gressumque
592 418 632 477 ad
646 418 767 477 moenia
781 417 892 489 tendit;

97 515 137 569 At
151 510 255 566 Venus
272 506 405 565 obscuro
420 504 594 579 gradientes
610 505 681 561 aere
695 502 801 576 sepsit,

98 594 134 652 Et
147 592 239 651 multo
255 590 385 649 nebulae
400 589 513 648 circum
528 587 588 646 dea
603 585 679 645 ludit
693 593 813 658 amictu,

98 677 227 736 Cernere
242 691 281 733 ne
297 674 366 748 quis
381 688 445 745 eos,
460 687 521 731 neu
537 671 606 746 quis
621 670 796 743 contingere
810 678 928 746 posset,

98 760 236 820 Molirive
249 773 375 828 moram,
391 762 444 815 aut
457 754 599 815 vemendi
615 768 746 828 poscere
763 768 885 814 causas.

98 846 170 921 lpsa
183 842 320 918 Paphum
335 840 474 900 sublimis
485 839 555 909 abit,
572 839 726 912 sedesque
739 838 846 898 revisit

97 930 190 988 Laeta
205 941 287 996 suas,
302 924 354 984 ubi
367 924 512 998 templum
527 922 577 995 illi,
593 928 775 996 centumque
791 920 910 982 Sabaeo

96 1013 175 1072 Ture
187 1011 285 1069 calent
299 1024 371 1067 arae
386 1008 539 1081 sertisque
553 1004 725 1065 recentibus
739 1005 851 1065 halant.

140 1094 320 1169 Corripuere
336 1093 415 1151 viam
429 1091 552 1164 interea,
569 1107 629 1165 qua
643 1091 751 1150 semita
764 1096 927 1158 monstrat;

99 1181 223 1252 lamque
239 1175 468 1236 adscendebant
483 1175 599 1246 collem,
616 1175 668 1249 qui
683 1175 830 1248 plurimus
845 1172 912 1233 urbi

98 1263 243 1333 imminet,
260 1260 471 1333 adversasque
484 1260 646 1333 adspectat
660 1259 795 1333 desuper
810 1273 907 1317 arces.

98 1348 223 1406 Miratur
237 1345 348 1409 molem
361 1346 494 1418 Aeneas,
508 1344 638 1417 magalia
653 1344 815 1417 quondam,

98 1432 223 1490 Miratur
237 1436 341 1504 portas
356 1428 576 1503 strepitumque
591 1436 621 1487 et
635 1435 729 1487 strata
742 1428 869 1487 viarum.

99 1517 216 1575 lnstant
230 1514 372 1573 ardentes
386 1512 477 1589 Tyrii,
492 1529 565 1588 pars
581 1512 693 1572 ducere
708 1527 810 1571 muros

98 1598 259 1674 Molirique
274 1613 375 1657 arcem
390 1604 419 1656 et
433 1597 572 1656 manibus
588 1595 772 1656 subvolvere
788 1611 872 1668 saxa,

98 1683 171 1743 Pars
187 1689 293 1758 optare
306 1683 408 1741 locum
421 1689 501 1741 tecto
516 1687 546 1740 et
561 1679 744 1741 concludere
759 1680 861 1750 sulco;

99 1769 169 1827 Iura
181 1767 439 1842 magistratusque
453 1766 556 1840 legunt
570 1772 768 1838 sanctumque
783 1772 936 1833 senatum;

99 1852 155 1911 Hic
170 1858 277 1927 portus
293 1850 344 1909 alii
358 1848 521 1919 effodiunt;
544 1848 593 1907 lric
608 1850 669 1909 alta
682 1848 790 1907 theatri

99 1935 307 1995 Fundamenta
319 1935 421 1993 locant
438 1934 497 2005 alii,
513 1934 722 2006 immanesque
737 1933 894 1993 columnas

99 2019 238 2094 Rupibus
253 2018 405 2089 excidunt,
420 2017 522 2076 scenis
538 2017 651 2077 decora
665 2016 725 2075 alta
738 2017 862 2077 futuris:

101 2103 203 2177 Qualis
220 2116 295 2176 apes
311 2107 426 2160 aestate
440 2114 522 2160 nova
535 2116 591 2175 per
605 2099 701 2160 florea
714 2116 786 2160 rura

100 2187 230 2246 Exercet
244 2184 300 2244 sub
316 2186 383 2243 sole
397 2183 492 2256 labor,
509 2201 600 2259 quum
615 2185 713 2259 gentis
729 2185 850 2245 adultos

100 2270 239 2329 Educunt
253 2269 341 2340 letus,
357 2275 409 2328 aut
424 2284 517 2341 quum
532 2269 676 2343 liquentia
690 2270 781 2328 mella

101 2354 221 2427 Stipant
235 2359 264 2411 et
279 2353 359 2412 dulci
374 2353 549 2413 distendunt
563 2360 685 2412 nectare
700 2353 804 2426 cellaS,

100 2439 162 2495 Aut
177 2451 272 2495 onera
285 2437 438 2511 accipiunt
452 2438 634 2509 venientum,
651 2442 702 2495 aut
716 2439 836 2511 agmine
851 2439 931 2497 lacto

101 2520 247 2595 ignavum
266 2521 353 2580 lucos
370 2536 465 2596 pecus
480 2537 500 2581 a
513 2519 714 2596 praesepibus
730 2530 849 2594 arcent;

101 2603 211 2662 Fervet
225 2618 314 2679 opuS,
328 2605 528 2679 redolentque
542 2604 647 2680 thymo
664 2605 829 2679 fragrantia
843 2607 941 2665 mella.

103 2686 145 2761 „0
162 2687 313 2762 lortunati,
329 2705 458 2763 quorum
472 2690 533 2748 iam
547 2689 668 2748 moenia
684 2695 846 2765 surgunt!“

105 2775 224 2831 Aeneas
240 2772 290 2842 ait,
306 2780 336 2831 el
351 2773 472 2846 fastigia
487 2772 615 2847 suspicit
629 2773 722 2833 urbis.

103 2855 196 2915 lulert
210 2871 246 2914 se
261 2864 366 2931 septus
381 2855 643 2916 nebula-mirabile
658 2857 754 2918 dictu-

103 2940 160 2999 Per
173 2939 301 3015 medios,
316 2940 485 3015 miscetque
499 2942 583 3014 viris,
598 2957 698 3015 neque
713 2944 844 3004 cernitur
858 2943 919 3002 ulli.

145 3023 246 3084 Lucus
262 3025 293 3083 iu
307 3024 382 3084 urbe
397 3024 573 3099 submedia,
589 3025 774 3087 laetissimus
789 3027 903 3102 umbra

105 3107 170 3181 Quo
184 3108 322 3182 primum,
338 3109 438 3168 iactati
452 3109 543 3168 undis
559 3115 588 3169 et
601 3109 729 3184 turbine,
744 3111 837 3171 Poeni

103 3189 248 3251 Effudere
262 3193 332 3252 loco
348 3193 477 3267 signum,
492 3193 576 3268 quod
590 3195 674 3269 regia
688 3196 762 3256 luno

104 3273 295 3350 monstrarat,
312 3284 403 3352 caput
417 3277 496 3336 acris
512 3278 597 3351 equi:
621 3279 665 3338 sic
680 3295 751 3339 nam
765 3280 831 3339 lore
844 3279 925 3340 bello

104 3356 264 3433 Egregiam
280 3367 310 3420 et
324 3362 444 3421 facilem
458 3361 538 3420 victu
552 3377 609 3436 por
623 3364 746 3422 saecula
759 3371 889 3438 gentem.

104 3440 162 3501 Hic
175 3444 320 3519 templum
335 3446 441 3507 lunoni
455 3446 562 3521 ingens
579 3445 706 3506 Sidonia
720 3447 798 3507 Dido
