2326 3780
327 70 331 77 ¹
367 68 810 182 summasunmna.
1008 122 1070 185 211

105 273 192 335 Exin
205 272 288 332 bella
300 273 367 333 viro
382 278 538 344 memorat
555 288 634 347 quae
650 272 762 331 deinde
776 274 921 351 gerenda,
1018 283 1072 339 890

106 357 343 432 Laurentesque
357 358 447 417 decet
461 357 594 431 populos
609 356 777 430 urbemque
791 359 899 433 Latini,

106 440 151 503 Et
167 457 227 516 quo
244 457 395 516 quemque
410 441 502 500 modo
518 440 675 514 fugiatque
689 441 827 515 seratque
841 442 986 502 laborem.

156 524 233 584 Sunt
247 526 385 600 geminae
401 524 506 584 Somni
520 531 636 600 portae,
653 540 780 598 quarum
794 528 890 586 altera
904 527 996 586 lertur

110 607 241 687 carnea,
258 624 318 683 qua
331 610 413 669 veris
429 608 527 668 lacilis
543 609 632 667 datur
646 609 746 667 exitus
760 610 900 681 Umbris;

109 694 220 753 Altera
233 695 375 753 candenti
389 695 525 769 perlecta
535 692 639 755 ¹nitens
655 693 827 768 elephante,
1018 702 1071 758 895

112 776 178 837 Sed
193 778 271 836 lalsa
285 779 325 837 ad
340 780 459 838 coelum
472 777 591 837 mittunt
603 777 756 836 insomnia
769 779 886 838 ltllanes.

110 860 168 921 His
183 861 235 920 ubi
249 868 311 921 tum
325 870 427 922 natum
441 861 594 921 Anchises
609 877 731 934 unaque
746 861 895 940 Sibyllam

111 944 312 1019 Prosequitur
327 947 425 1019 dictis,
441 953 591 1021 portaque
606 945 712 1004 emittit
726 946 858 1016 eburna;

111 1028 167 1088 Ille
182 1031 263 1089 viam
281 1038 365 1090 secat
379 1031 420 1090 ad
434 1046 530 1089 naves
546 1029 713 1103 sociosque
727 1031 841 1103 revisit,

111 1114 189 1175 Tum
202 1130 238 1174 se
253 1116 292 1174 ad
308 1115 428 1174 Caietae
442 1121 526 1173 recto
542 1115 599 1173 lert
612 1114 705 1172 limite
721 1122 852 1188 portum.
1018 1125 1071 1179 900

112 1198 237 1258 Ancora
251 1199 290 1258 de
304 1215 397 1274 prora
410 1198 520 1278 iacitur
524 1223 533 1266 ς
557 1203 638 1257 stant
651 1199 740 1257 litare
754 1215 886 1274 puppes.

358 1458 388 1520 r.
416 1454 608 1520 vracrrn
639 1454 825 1522 ulacms

268 1579 300 1672 A
357 1578 388 1671 ll
447 1577 479 1671 Ν
540 1577 571 1670 Ε
630 1576 648 1669 l
705 1577 738 1669 lt
798 1574 828 1670 (l
889 1573 916 1669 S

383 1727 521 1788 LIBER
552 1726 793 1789 SEPTIMUS.

111 1868 156 1929 Tu
173 1881 296 1941 queque
309 1864 448 1925 litoribus
462 1867 585 1941 nostris,
600 1867 719 1926 Aeneia
732 1864 843 1938 nutrix,

110 1954 278 2015 Aeternam
292 1949 427 2012 moriens
441 1950 561 2022 famam,
578 1950 689 2024 Caieta,
706 1950 834 2021 dedisti;

110 2036 151 2099 Et
164 2051 243 2096 nunc
258 2040 361 2094 servat
374 2034 475 2094 hones
490 2034 596 2094 sedem
609 2041 690 2108 tuus
706 2048 842 2109 ossaque
856 2049 966 2095 nemen

110 2120 264 2195 Hesperia
276 2120 308 2178 in
322 2134 441 2192 magna,
458 2119 485 2177 si
501 2135 562 2194 qua
576 2125 623 2179 est
636 2134 675 2178 ea
688 2119 795 2194 gloria,
811 2119 919 2193 signat.

112 2206 155 2264 At
168 2205 237 2278 pius
254 2203 410 2277 exsequiis
425 2204 548 2262 Aeneas
563 2204 619 2263 rite
634 2203 752 2279 solutis,
1054 2212 1071 2267 5

112 2290 236 2360 Aggere
251 2287 423 2361 composito
437 2287 551 2360 tumuli,
566 2295 732 2362 postquam
746 2289 808 2347 alta
822 2287 962 2362 quierunt

113 2373 271 2444 Aequora,
285 2371 381 2429 tendit
395 2371 452 2430 iter
465 2372 543 2431 velis
558 2379 743 2448 portumque
757 2372 908 2447 relinquit

112 2454 283 2529 Adspirant
296 2469 389 2513 aurae
403 2455 433 2513 in
449 2462 577 2530 nectem,
592 2473 650 2516 nec
665 2457 797 2516 candida
810 2472 919 2517 cursus

111 2540 200 2600 Luna
213 2543 312 2611 negat,
328 2538 470 2612 splendet
481 2542 610 2600 tremulo
625 2540 683 2611 sub
697 2542 810 2601 lumine
824 2548 948 2617 pontus.

111 2624 256 2684 Proxima
270 2621 413 2681 Circaeae
428 2622 575 2684 raduntur
589 2625 678 2685 litora
692 2632 799 2699 terrae,
1037 2634 1072 2687 10

110 2709 208 2769 Dives
224 2708 403 2769 inaccessos
417 2705 469 2766 ubi
485 2707 566 2768 Solis
580 2709 644 2768 iilia
657 2711 745 2769 lucos

111 2793 250 2853 Assidue
264 2798 389 2850 resonat
404 2798 501 2862 cantu,
517 2793 667 2868 tectisque
682 2792 824 2868 superbis

112 2876 179 2937 Urit
193 2877 351 2935 edoratam
366 2882 514 2936 necturna
528 2876 559 2937 in
573 2878 687 2937 lumina
702 2876 836 2949 cedrum,

112 2961 229 3034 Arguto
244 2968 351 3020 tenues
367 2976 549 3035 percurrens
564 2962 683 3037 pectine
697 2962 785 3020 telas.

112 3044 191 3102 Hine
206 3044 343 3119 exaudiri
357 3040 486 3120 gemitus
502 3045 628 3120 iraeque
643 3047 774 3118 leonum,
1037 3049 1072 3104 15

112 3128 222 3187 Vincla
236 3137 430 3189 recusantum
441 3137 471 3189 et
485 3145 556 3189 sera
571 3129 628 3190 sub
644 3136 734 3188 nocte
748 3127 917 3199 rudentum,

113 3211 304 3287 Setigerique
318 3228 390 3273 sues
405 3220 497 3289 atque
511 3213 542 3272 in
557 3212 760 3289 praesepibus
769 3211 838 3271 ursi

113 3297 248 3368 Saevire,
265 3312 302 3356 ac
317 3297 433 3357 formae
448 3313 626 3373 magnorum
641 3298 761 3357 ululare
774 3296 940 3371 luparum·=

112 3382 196 3457 Quos
210 3381 365 3441 hominum
380 3397 418 3445 ex
432 3381 512 3443 lacie
527 3382 589 3445 dea
603 3400 705 3446 saeua
718 3371 1044 3497 putentbsusiteffixs
