2326 3780
380 190 752 273 suumoosmpnu.
979 197 1043 262 aaa

136 360 193 422 que
205 343 286 420 huic,
299 344 330 405 in
345 344 454 407 faciem
468 358 558 405 soror
569 351 602 404 ut
616 360 767 406 conversa
780 347 897 410 Metisci

136 431 226 505 trigae
240 444 421 505 currumque
434 434 466 489 ct
478 443 577 505 cquos
593 436 623 488 et
636 430 703 488 lora
715 430 847 505 regebat,

136 514 213 574 tibus
229 514 359 574 occrurit
372 512 477 572 dictis=
499 512 594 587 „Hac
609 513 716 586 Turne,
731 529 896 588 sequamur
990 528 1043 583 aas

135 598 306 672 roiugcnas,
323 613 383 671 qua
397 596 588 672 primariam
602 596 730 656 victoria
744 598 865 672 pandit:

136 689 189 742 unt
202 683 262 755 aiii,
278 682 329 755 qui
344 687 424 741 tecta
437 697 527 739 manu
543 680 708 741 defendere
722 682 853 756 possint.

135 766 222 841 tgmit
235 768 357 825 Aeneas
372 765 454 827 Italis
469 772 504 823 et¹
514 765 631 840 proelia
645 765 760 839 miscet,

136 858 147 910 t
161 867 218 910 nos
234 866 328 909 saeva
342 866 432 908 manu
446 851 597 909 mittamus
612 849 719 908 funera
732 848 865 909 Teucris.

135 949 170 993 oc
178 949 304 994 numero
312 933 443 1007 inferior,
455 948 684 1009 pugnaencquc
690 932 807 993 honore
817 932 977 993 recedes.“
990 940 1042 998 636

134 1035 205 1077 mus
220 1018 365 1076 adhaec:

151 1116 248 1175 soror,
265 1109 294 1160 ct
309 1101 421 1161 dudum
436 1103 556 1175 agnovi,
574 1117 666 1175 quum
680 1101 779 1176 prima
792 1117 850 1177 pcr
864 1109 958 1163 artem

134 1187 247 1245 oedera
259 1185 387 1245 turbasti
402 1193 493 1259 teque
506 1185 583 1243 haec
598 1186 628 1245 in
642 1185 723 1244 betia
738 1186 859 1260 dedisti,

134 1277 145 1329 t
159 1285 238 1329 nunc
252 1268 458 1345 nequidquam
473 1268 552 1327 fallis
568 1268 635 1329 dea.
664 1268 726 1329 Sed
742 1270 812 1344 quis
827 1270 957 1348 Olympo

135 1355 279 1414 emissam
293 1360 394 1411 tantos
409 1351 505 1411 voluit
517 1358 546 1410 tc
563 1352 641 1411 ferre
655 1353 799 1414 labores?
987 1361 1040 1419 636

137 1456 156 1496 6
172 1437 272 1495 fratris
288 1436 390 1494 miseri
404 1436 496 1494 letum
510 1442 543 1493 ut
557 1434 680 1494 crudele
693 1437 838 1497 vidercst
933 1494 936 1499 .

132 1523 183 1579 'am
201 1519 274 1593 quid
288 1534 355 1593 ago,
376 1525 428 1578 aut
443 1533 521 1592 quae
536 1514 595 1576 iam
610 1520 742 1593 spondet
761 1520 881 1581 fortuna
894 1522 1041 1583 salutem

131 1604 180 1662 idi
196 1603 303 1662 oculos
318 1609 387 1661 ante
401 1603 468 1677 ipsc
483 1617 569 1661 meos
585 1617 633 1660 me
646 1618 724 1663 voce
738 1610 899 1664 vocantem

131 1688 291 1758 fumarium,
308 1702 368 1760 quo
384 1701 445 1745 non
461 1680 584 1760 superat
598 1686 670 1744 mihi
686 1688 785 1748 carior
798 1688 882 1761 alter,

130 1778 271 1846 rppeterq
286 1771 445 1845 ingentem,
461 1777 553 1842 atque
567 1770 680 1844 ingenti
693 1773 819 1833 vulnere
831 1772 954 1833 victum.
987 1778 1040 1835 64⁰

130 1855 227 1914 *ccidit
241 1854 344 1913 infelix
359 1870 398 1913 ne
411 1860 547 1914 nostrum
563 1854 699 1915 dedecus
712 1856 809 1917 Ufens

130 1939 306 2014 tdspicoret3
328 1938 435 1998 Teucri
450 1938 605 2013 potiuntur
618 1954 749 2014 corpore
761 1946 792 2001 ct
804 1940 907 2001 armis.

129 2023 291 2083 vxscindine
306 2023 415 2082 domos
431 2022 488 2081 -id
503 2022 595 2082 rebus
609 2022 705 2084 defuit
717 2040 811 2083 unum
824 2056 837 2066 -

131 2107 270 2183 erpetiar,
287 2107 393 2166 dextra
407 2122 464 2165 nec
478 2106 608 2166 Drancis
623 2106 705 2166 dicta
717 2106 876 2167 refellamt

131 2207 203 2264 erga
212 2191 301 2263 dabo,
315 2199 345 2250 et
351 2191 481 2251 Turnum
493 2191 657 2264 fugientem
667 2191 745 2257 hacc
751 2197 831 2251 terra
840 2190 977 2252 videbit!
986 2197 1038 2255 ott

128 2275 213 2347 isque
228 2274 345 2334 adeone
359 2274 436 2334 mori
450 2274 593 2333 misemm
608 2281 676 2334 esti
695 2275 762 2334 Vos
777 2290 796 2334 o
810 2275 883 2334 mihi
896 2274 1003 2338 Manes

128 2358 181 2416 :ste
194 2357 276 2428 boni,
293 2359 435 2432 quoniam
450 2358 571 2433 superis
586 2373 697 2418 aversa
709 2359 862 2419 voluntas.

127 2448 221 2500 ancta
235 2442 345 2500 advos
360 2443 459 2501 anima
473 2449 564 2515 atquc
578 2442 666 2502 istius
680 2442 785 2502 nescia
799 2444 907 2519 culpae

127 2524 307 2596 vescendam,
321 2525 1038 2602 magnorumhaudunquamindignusavomm.“

127 2626 147 2666 x
163 2608 293 2667 ecfatus
308 2616 388 2678 erat;
410 2610 531 2668 medios
542 2611 634 2684 volat
650 2625 731 2683 ecce,
747 2626 804 2685 per
816 2611 922 2674 hostes
983 2620 1038 2675 666

127 2699 203 2752 ectus
219 2707 299 2766 equo
315 2699 474 2767 spumante
489 2692 592 2768 Saces,
607 2694 740 2755 adversa
754 2696 866 2770 sagitta

126 2776 216 2836 ‚ucius
233 2792 295 2846 ora,
317 2777 436 2849 ruitque
450 2777 615 2852 implorans
630 2780 751 2839 nomine
764 2779 911 2841 Turnum=

126 2860 212 2934 ¹urne,
229 2860 258 2918 in
273 2866 304 2919 te
319 2876 462 2935 suprema
475 2862 574 2921 saius=
591 2862 736 2922 miserere
749 2869 886 2924 tuor-amr

125 2943 254 3003 'ulminat
267 2946 389 3004 Aeneas
404 2945 505 3017 armis,
522 2962 719 3022 summasque
732 2946 863 3005 minatur

124 3028 297 3088 tciccturum
311 3042 398 3088 arces
412 3028 519 3089 Itairim
533 3029 717 3103 excidioque
731 3029 881 3102 daturum,
983 3032 1037 3089 666

124 3126 231 3184 amque
246 3112 329 3171 faces
344 3112 476 3171 adtacta
489 3113 603 3171 volant.
631 3113 709 3171 Inte
724 3126 779 3170 ora
791 3108 898 3183 Latini,

123 3200 184 3253 nte
199 3197 304 3255 oculos
319 3196 467 3264 referunt3
490 3201 607 3256 mussat
620 3210 675 3254 rex
689 3194 757 3269 ipse
770 3194 905 3269 Latinus,

122 3280 190 3352 ‚iuos
205 3295 335 3354 generos
348 3287 448 3355 vocet,
463 3286 515 3340 aut
530 3294 609 3354 quae
625 3294 696 3338 sese
710 3279 751 3338 ad
765 3279 891 3339 foedera
904 3274 1016 3339 flectat.
1068 3352 1072 3359 Ι

122 3366 265 3422 raeterea
278 3364 392 3439 regina,
407 3364 449 3424 tui
464 3363 623 3434 fidissima,
640 3362 747 3423 dextra

121 3446 223 3506 >ccidit
237 3446 307 3523 ipsa
322 3464 387 3525 sna,
402 3448 563 3523 lucemque
577 3446 720 3508 exterrita
734 3446 819 3523 fugit.
977 3453 1033 3509 666

786 3534 849 3597 ²2²2*
