2326 3780
164 157 224 221 116
408 156 441 217 P.
463 157 624 219 VlRGlLll
644 156 821 218 MARONIS

160 312 296 385 Lumina,
312 326 382 371 nam
395 317 518 371 teneras
532 308 677 370 arcebant
690 309 814 370 vincula
827 311 959 386 palmas.

162 396 230 455 Non
243 396 309 455 tulit
321 394 400 455 hanc
415 395 552 471 speciem
564 393 675 454 furiata
687 400 788 453 mente
802 393 974 468 Coroebus,

162 480 200 539 Et
216 495 286 540 sese
300 480 434 539 medium
448 479 550 539 iniecit
563 478 716 555 periturus
730 478 762 537 in
775 493 902 553 armena

162 563 384 639 Consequimur
399 564 499 624 cuncti
513 568 544 622 et
557 562 663 622 densis
678 561 858 622 incurrimus
872 563 977 624 armis.

160 648 217 708 Hic
232 649 362 724 primum
378 664 418 707 ex
432 648 491 707 alto
507 646 625 707 delubri
640 646 771 705 culmine
785 647 853 706 telis
1073 655 1125 709 llo

160 732 339 793 Nostrorum
354 732 517 806 obruimur,
533 730 687 804 oriturque
701 731 870 792 miserrima
886 731 1003 792 caedes

160 818 323 877 Armorum
338 816 416 875 facie
430 822 460 875 et
475 815 633 874 Graiarum
647 829 751 874 errore
770 813 919 876 iubarum.

160 902 235 960 Turn
248 900 346 959 Danai
360 899 473 975 gemitu
488 905 577 973 atque
591 905 716 974 ereptae
730 899 856 972 virginis
871 898 916 958 ira

160 984 303 1059 Undique
318 984 436 1043 collecti
451 983 606 1058 invadunt,
621 983 787 1043 acerrimus
801 984 890 1057 Aiax,

160 1068 198 1127 Et
212 1068 322 1143 gemini
336 1067 472 1142 Atridae,
486 1066 700 1142 Dolopumque
715 1068 867 1126 exercitus
882 1067 999 1128 omnis:
1073 1077 1125 1130 415

160 1152 295 1213 Adversi
308 1158 398 1227 rupto
413 1166 470 1210 ceu
485 1150 641 1226 quondam
654 1150 774 1210 turbine
788 1150 871 1210 venti

162 1235 336 1311 confligunt
348 1235 570 1313 Zephyrusque
585 1234 743 1308 Notusque
757 1242 787 1294 et
800 1236 897 1295 laetus
910 1235 986 1295 Eois

159 1320 259 1380 Eurus
275 1320 373 1395 equis,
390 1319 522 1380 stridunt
536 1319 641 1391 silvae,
658 1320 818 1393 saevitque
832 1319 955 1379 tridenti

161 1403 313 1478 Spumeus
329 1411 420 1479 atque
433 1403 495 1463 imo
510 1404 625 1463 Nereus
641 1403 701 1462 ciet
713 1419 850 1478 aequora
863 1404 974 1464 lundo.

160 1488 205 1546 llli
221 1488 320 1564 etiarn,
336 1490 457 1564 siquos
474 1488 606 1549 obscura
619 1494 709 1548 nocte
724 1503 781 1562 per
793 1486 931 1547 umbram
1070 1498 1127 1551 420

160 1571 305 1634 Fudimus
321 1573 441 1633 insidiis
455 1580 580 1648 totaque
594 1572 776 1647 agitavimus
791 1572 876 1645 urbe,

160 1658 328 1734 Apparent,
343 1657 432 1734 primi
447 1658 564 1733 clipeos
579 1656 764 1731 mentitaque
778 1657 839 1715 tela

159 1742 348 1817 Agnoscunt,
365 1747 457 1816 atque
472 1757 528 1801 ora
541 1756 618 1801 sono
634 1741 792 1800 discordia
805 1740 934 1813 signant.

159 1826 245 1887 Ilicet
258 1826 413 1887 obruimur
426 1841 570 1894 ntuner03
592 1825 772 1900 primusque
787 1822 944 1884 Coroebus

158 1908 280 1970 Penelei
296 1911 405 1971 dextra
418 1910 507 1969 divae
523 1909 731 1984 armipotentis
748 1909 787 1968 ad
802 1924 888 1967 arum
1069 1919 1124 1971 425

158 1992 349 2065 Procrunbit3
371 1993 454 2054 cadit
467 2000 498 2053 et
510 1992 658 2067 Rhipeus,
673 1992 859 2053 iustissimus
874 2008 953 2051 uuus

158 2078 216 2151 Qui
232 2078 286 2137 luit
301 2078 331 2137 in
344 2076 470 2137 Teucris
485 2082 517 2135 et
529 2076 778 2137 servantissimus
794 2076 898 2150 acqui:

158 2160 215 2221 Dis
230 2162 317 2221 aliter
330 2160 447 2229 visum
469 2166 598 2235 pereunt
610 2158 812 2237 Hypanisque
825 2160 1017 2237 Dymasque,

161 2244 279 2305 Coniixi
294 2260 313 2303 a
326 2243 430 2319 sociis,
449 2258 507 2303 nec
520 2250 551 2305 te
563 2250 618 2305 tua
630 2244 768 2320 plurima,
782 2243 907 2315 Panthu,

158 2328 326 2389 Labentem
338 2327 438 2404 pietas
452 2342 511 2389 nee
524 2327 677 2403 Apollinis
691 2328 788 2387 infula
799 2330 883 2386 texit.
1066 2338 1122 2393 430

158 2412 243 2471 Iliaci
258 2412 378 2473 cineres
392 2418 424 2473 et
437 2411 562 2473 flamma
574 2418 712 2472 extrema
724 2428 871 2487 meormn,

158 2496 274 2569 Testor,
289 2495 320 2553 in
335 2510 451 2557 occasu
464 2502 569 2557 vestro
583 2511 641 2557 nec
654 2496 716 2555 tela
730 2511 788 2555 neo
803 2497 881 2556 ullas

157 2578 314 2639 vitavisse
327 2580 414 2640 vices
428 2579 576 2654 Danaum,
591 2586 630 2655 et,
645 2580 671 2639 si
686 2580 750 2639 iata
763 2581 901 2655 luissent,

158 2662 199 2723 Ut
213 2663 364 2737 caderem,
378 2664 530 2725 meruisse
543 2678 644 2723 manu.
670 2660 847 2723 Divellimur
860 2664 946 2723 inde:

157 2746 276 2823 Iphitus
292 2753 322 2806 et
334 2746 434 2809 Pelias
447 2762 576 2822 mecum,
592 2764 720 2825 quorum
734 2749 851 2825 lphitus
866 2764 945 2808 aevo
1066 2762 1119 2817 435

157 2832 222 2891 lam
235 2830 367 2907 gravior,
381 2830 483 2893 Pelias
497 2838 528 2893 et
539 2832 665 2891 vulnere
679 2834 784 2893 tardus
799 2833 896 2904 Ulixi;

157 2914 298 2977 Protinus
314 2916 355 2975 ad
368 2916 461 2976 sedes
474 2914 585 2976 Priami
600 2918 733 2977 clamore
749 2918 858 2977 vocati.

199 3001 256 3060 Hic
271 3014 344 3060 vero
360 3000 511 3076 ingentem
525 3017 667 3077 pugnam,
683 3018 741 3062 eeu
755 3009 856 3061 cetera
869 3018 1021 3078 nusquam

158 3085 243 3144 Bella
257 3084 364 3159 lorent,
380 3084 454 3144 nulli
467 3091 531 3144 tota
545 3093 734 3146 morerentur
747 3087 778 3145 in
792 3086 877 3159 urbe,
988 3124 993 3138 -.

160 3168 210 3228 Sic
224 3169 351 3229 Martem
364 3168 544 3230 indomitum
558 3169 745 3245 Danaosque
759 3170 800 3231 ad
810 3176 890 3231 tecta
903 3178 1028 3234 ruentes
1063 3184 1119 3239 eto

160 3252 326 3325 CernImus
344 3253 568 3328 obsessumque
582 3260 651 3315 ncta
663 3254 816 3315 testudine
830 3255 931 3313 limen.

157 3336 290 3396 Haerent
303 3337 470 3412 parietibus
485 3338 597 3411 scalae,
612 3344 782 3414 postesque
796 3338 853 3399 sub
868 3339 956 3414 ipsos

151 3419 295 3483 Nituntur
305 3422 464 3499 gradibus,
480 3422 662 3501 clipeosque
674 3423 781 3483 adtela
794 3422 925 3483 sinistris

57 3513 62 3556 r

144 3651 157 3682 Ι
