2326 3780
390 248 585 310 AENEIDOS
605 248 679 309 LIB.
693 248 746 308 IV.
989 246 1071 313 149,
1126 237 1132 243 ⁸

96 402 302 498 „Speluncam
316 402 397 462 Dido
413 401 477 461 dux
490 408 521 462 et
533 401 683 499 {troianas
697 400 827 461 eandem

95 484 945 648 :3liliati...illaillllllliltlldttr
1000 496 1052 550 ¹²⁵

95 658 172 733 „Hic
186 656 383 732 Hymenaeus
398 655 484 714 erit.“
516 654 584 713 Non
598 655 764 713 adversata
777 653 891 728 petenti

95 741 219 815 Annuit,
235 746 328 816 atque
341 739 422 800 dolis
436 739 504 799 risit
518 737 669 815 Cytherea
683 737 824 812 repertis.

20 844 23 849 ·
139 824 294 884 Oceanum
308 824 425 885 interea
438 838 568 898 surgens
584 823 705 882 Aurora
716 820 868 897 relinquit.

95 910 121 969 it
134 909 241 985 portis,
255 908 362 969 iubare
377 914 494 980 exorto,
510 907 630 967 delecta
645 907 803 978 iuventus;
1000 916 1053 970 13⁰

94 993 183 1053 Retia
197 1009 275 1068 rara,
290 994 387 1068 lagae,
403 992 465 1052 lato
476 991 630 1052 venabula
644 993 735 1066 lerro,

93 1078 288 1155 Massylique
301 1084 391 1137 ruunt
406 1076 525 1153 equites
541 1083 571 1136 et
585 1077 684 1137 odora
698 1091 808 1136 canum
820 1072 896 1135 vis.i
983 1096 986 1101 ·

93 1162 242 1236 Reginam
255 1162 389 1221 thalamo
404 1167 596 1221 cunctantem
611 1160 652 1220 ad
666 1160 770 1220 limina
782 1160 872 1236 primi

94 1246 265 1307 Poenorum
280 1251 475 1320 exspectant3
500 1254 648 1322 ostroque
662 1244 790 1319 insignis
806 1251 836 1303 et
850 1258 924 1305 auro

96 1329 161 1390 Stat
176 1331 302 1406 sonipes
316 1320 354 1389 aa
368 1330 455 1388 irena
469 1330 557 1389 lerex
572 1330 745 1405 spumantia
759 1328 884 1388 mandit.
999 1336 1051 1391 135
1070 1400 1076 1410 ι

94 1413 229 1473 Tandem
244 1413 446 1488 progreditur,
461 1428 572 1487 magna
586 1412 719 1488 stipante
733 1420 864 1485 caterva,

96 1496 254 1555 Sidoniam
269 1497 350 1571 picto
366 1495 560 1571 chlamydem
574 1495 761 1556 circumdata
774 1495 882 1555 limbos

96 1580 150 1638 Cui
164 1576 308 1654 pharetra
322 1595 361 1638 ex
376 1594 460 1652 auro,
476 1579 576 1638 crines
590 1578 744 1639 nodantur
757 1578 788 1638 in
802 1595 916 1655 aurum,

94 1664 197 1721 ,turca
210 1678 395 1737 purpuream
409 1662 561 1722 subnectit
574 1662 669 1722 llbula
681 1669 810 1721 vestem.

94 1746 233 1805 Necnon
249 1754 278 1805 et
290 1745 413 1822 Phrygii
429 1746 556 1806 comites
572 1753 602 1806 et
615 1746 713 1805 laetus
728 1745 810 1806 larius
998 1756 1050 1810 llo

94 1830 257 1901 incedunt;
280 1831 349 1906 ipse
363 1836 434 1903 ante
448 1830 526 1890 alios
541 1829 765 1907 pulcherrimus
781 1843 888 1891 omues

94 1915 188 1974 insert
203 1930 238 1973 se
253 1916 370 1974 socium
384 1917 508 1975 Aeneas
523 1922 617 1991 atque
631 1914 753 1989 agmina
766 1913 882 1988 iungit·
928 1976 932 1983 ,

94 1998 198 2072 Qualis
212 1998 265 2059 uhi
279 1999 437 2058 hibernam
449 1999 576 2075 Lyciam
590 1999 764 2074 Xanthique
778 1996 894 2059 fluenta
963 2034 966 2039 -

93 2083 213 2142 Deserit
227 2099 263 2142 ac
276 2084 386 2143 Delum
399 2091 565 2145 maternam
579 2084 684 2145 invisit
696 2082 819 2159 Apollo,

93 2168 306 2243 instauratque
320 2167 442 2242 choros,
457 2170 605 2245 mixtique
620 2168 728 2228 altaria
741 2167 854 2227 circum
997 2174 1048 2231 llo

95 2251 260 2326 Cretesque
273 2253 481 2329 Dryopesque
495 2255 626 2313 tremunt
639 2253 775 2328 pictique
789 2249 986 2327 Agallryrsi3·

93 2336 165 2411 lpse
179 2336 258 2410 iugis
275 2336 385 2413 Cynthi
399 2338 544 2412 graditur,
560 2338 706 2413 mollique
721 2336 865 2395 liuentem

92 2419 215 2479 Fronde
228 2421 338 2495 premit
352 2422 466 2481 crinem
480 2422 600 2497 lingens
614 2427 707 2497 atque
722 2420 856 2495 implicat
869 2412 953 2495 auro,

93 2502 166 2561 Tela
181 2509 291 2562 sonant
304 2504 457 2565 humarisz
478 2506 562 2566 haud
576 2507 628 2566 illo
644 2505 768 2581 segnior
781 2502 845 2563 ibat

93 2588 233 2657 Aeneas;
255 2592 370 2647 tantum
384 2590 508 2665 egregio
524 2591 619 2651 decus
635 2590 727 2650 enitet
742 2601 805 2649 ere.
997 2596 1050 2649 150

93 2669 260 2744 Postquam
275 2670 354 2732 altos
368 2679 492 2732 ventum
506 2675 537 2733 in
551 2681 670 2735 montes
686 2681 777 2748 atque
786 2672 874 2732 'invia
888 2672 991 2747 lustra,

93 2754 173 2814 Ecce
188 2755 281 2828 ferae,
298 2756 366 2816 saxi
382 2757 519 2817 deiectae
532 2759 656 2831 vertice,
672 2771 785 2833 caprae

92 2838 261 2899 Decurrerc
276 2840 371 2916 iugis;
395 2841 456 2900 alia
470 2840 510 2901 de
523 2848 610 2917 parte
624 2849 763 2917 patentes

92 2922 308 2985 Transmittunt
324 2940 415 2985 cursu
430 2939 558 3001 campos
574 2931 665 3001 atque
679 2924 801 3001 agmina
815 2924 898 2984 cervi

92 3004 305 3069 Pulverulenta
318 3010 392 3085 luga
405 3010 583 3085 glomerant,
598 3016 782 3084 montesque
795 3008 976 3082 relinquunt.
997 3014 1049 3069 155

91 3091 134 3149 At
148 3106 225 3165 puer
238 3092 392 3155 Ascanius
407 3092 519 3154 mediis
531 3088 709 3154 in'vallibus
724 3091 787 3152 aeri

93 3174 213 3235 Gaudet
226 3190 316 3252 equo,
331 3178 455 3253 lamque
467 3178 527 3238 hos
542 3193 643 3250 cursu,
658 3178 720 3238 iam
733 3175 877 3252 praeterit
889 3175 969 3250 illos,

94 3257 355 3337 Spumantemque
368 3262 435 3323 dari
449 3277 565 3337 pecora
578 3262 656 3322 inter
668 3260 777 3321 inertia
790 3259 871 3319 votis

93 3341 185 3417 Optat
200 3360 316 3420 aprum,
332 3352 384 3405 aut
397 3346 514 3405 lulvum
528 3346 718 3407 descendere
732 3350 835 3403 monte
848 3344 980 3405 leonem.
1026 3368 1030 3375 ·

91 3423 211 3488 interea
224 3444 335 3503 magno
349 3429 472 3490 misceri
486 3444 641 3493 murmrue
655 3429 783 3491 eoelum
1014 3426 1078 3477 Ni&

87 3511 212 3587 incipit5
232 3512 407 3590 insequitur
419 3516 595 3579 commixta
609 3515 772 3595 grandine
781 3508 939 3593 nimhust
