2326 3780
348 156 566 219 GEORGICON
586 159 660 219 lla.
673 160 724 220 111.
971 158 1013 223 ol

63 310 178 373 Profuit
191 310 335 371 incensos
349 318 453 371 aestus
467 318 604 371 avertere
619 319 649 372 et
661 312 739 372 inter

64 398 128 455 lma
141 395 231 455 ferire
245 395 335 470 pedis
349 394 507 455 salientem
521 396 809 470 sanguineuenama
907 434 921 447 ··
960 404 1015 459 llio

63 480 198 539 Bisaltae
213 494 275 552 quo
287 494 374 539 more
383 479 488 541 solent
500 494 633 554 acerque
647 481 799 553 Gelonus,¹

65 563 161 637 Quum
175 562 250 637 fugit
261 562 477 639 in'Rhodopen
491 571 583 638 alque
597 564 628 623 in
643 563 764 624 deserta
775 565 928 636 Getarum,

63 648 101 706 ill
114 649 162 705 lac
177 653 350 706 concretum
363 662 433 707 cum
447 648 602 722 sanguine.
610 656 696 723 potat
709 649 831 724 equino.

107 730 201 804 Quam
214 730 321 807 procul
336 738 389 791 aut
400 731 484 790 molli
498 733 666 792 succedere
680 732 807 808 saepius
819 732 946 792 umbrae

64 815 194 888 Videris,
211 821 264 875 aul
275 830 409 875 summas
424 822 598 890 carpentem
612 815 752 891 ignavius
766 816 886 889 herbas,
961 822 1014 877 illl>

64 899 296 974 Extremumque
310 898 408 974 sequi,
423 905 476 959 aul
487 900 589 959 medio
601 901 806 974 procumbere
820 914 928 974 campo

60 983 387 1043 Pascentemetserae
401 984 499 1043 solam
514 983 666 1044 decedere
678 985 777 1055 nocti;
962 1032 966 1039 .

62 1066 211 1127 Continuo
225 1067 349 1143 culpam
362 1067 443 1126 lerro
459 1069 733 1143 compesce-prius
748 1084 839 1144 quam
959 1108 963 1119 -

61 1151 135 1210 Dira
148 1166 205 1226 per
218 1142 371 1211 incautum
386 1158 511 1226 serpunt
525 1151 666 1226 contagia
681 1154 801 1228 vulgus.
973 1194 976 1201 ·

59 1234 127 1294 Non
142 1241 205 1295 lam
219 1233 327 1295 treber
340 1248 436 1309 agens
449 1235 580 1294 hiemem
593 1236 653 1295 ruit
666 1251 802 1311 aequore
815 1235 913 1307 turbo,
959 1240 1013 1296 lto

62 1317 157 1391 Quam
170 1318 282 1378 mutilae
296 1319 449 1393 pecudum
463 1326 583 1394 pestem
606 1334 665 1379 nec
679 1320 798 1395 singula
811 1318 909 1380 morbi

63 1401 200 1477 Corpora
213 1402 388 1477 corripiunt,
405 1403 462 1462 sed
474 1411 539 1463 tota
552 1403 670 1462 aestiva
682 1410 808 1478 repente
931 1407 1013 1475 [tem.

63 1483 217 1560 Spemque
233 1501 419 1563 gregemque
437 1487 743 1561 simulounotamque
756 1486 794 1546 ab
809 1485 925 1561 origine
940 1500 1012 1558 gen-

62 1568 138 1629 ltun
152 1569 236 1644 scial,
252 1570 351 1630 aerias
365 1572 462 1645 Alpes
477 1579 507 1630 el
520 1571 635 1630 Norica·
643 1571 671 1630 si
687 1571 756 1644 quis

64 1652 195 1713 castella
209 1653 240 1713 in
252 1655 374 1715 tumulis
390 1661 419 1714 et
433 1654 560 1731 Iapydis
574 1670 650 1714 arva
662 1653 777 1713 Timavi
865 1672 868 1677 ·
961 1654 1014 1712 lib

63 1736 148 1797 Nunc
163 1752 284 1813 qnoque
298 1746 372 1814 post
383 1744 466 1798 tanto
481 1716 584 1798 videat
598 1740 782 1814 desertaque
796 1751 891 1812 regna

61 1820 221 1882 Pastorum
235 1828 266 1883 et
279 1823 371 1898 longe
385 1823 481 1883 saltus
496 1824 616 1898 lateque
630 1829 785 1883 vacantes.

103 1904 160 1965 Hic
175 1905 330 1982 quondam
343 1906 449 1967 morbo
465 1908 543 1967 coeli
557 1906 731 1967 miseranda
745 1912 851 1966 coorta
864 1909 913 1963 est

60 1990 250 2065 Tempestas,
265 1996 392 2066 lotoque
406 1993 558 2052 auctumni
573 1991 729 2051 incanduit
742 1996 838 2063 aestu,

61 2074 99 2133 Et
112 2088 210 2149 genus
225 2090 315 2135 omne
329 2078 396 2135 neci
411 2076 562 2151 pecudum
578 2076 670 2145 dedit
686 2090 775 2135 omne
789 2074 930 2145 terarum,
961 2077 1017 2136 480

62 2156 264 2233 corrupitque
276 2158 371 2231 lacus,
386 2158 491 2220 iniecit
504 2159 617 2236 pabula
629 2159 711 2219 tabo.

60 2240 125 2301 Nec
138 2241 191 2301 via
204 2241 311 2303 mortis
324 2249 390 2303 erat
402 2243 542 2319 simplex,
559 2244 616 2304 sed
630 2243 682 2302 ubi
696 2242 786 2317 ignea
799 2240 887 2300 venis
905 2286 908 2291 .
959 2280 962 2287 ·

62 2324 210 2385 Omnibus
223 2333 293 2385 acta
305 2326 372 2387 sitis
385 2328 517 2388 miseros
531 2329 703 2387 adduxerat
715 2332 808 2399 artus,
844 2354 848 2363 ·
969 2356 973 2363 ·

59 2409 180 2470 Rursus
195 2406 370 2471 abundabat
382 2409 497 2472 fluidus
512 2411 620 2486 liquor,
637 2411 798 2483 omniaque
812 2407 843 2466 in
857 2421 893 2467 se

62 2492 143 2553 Ossa
156 2492 324 2553 minutatim
336 2494 444 2555 morbo
459 2497 597 2571 collapsa
609 2494 756 2558 trahebat.
962 2496 1016 2552 485

62 2576 164 2653 Saepe
178 2577 209 2637 in
224 2577 342 2637 honore
355 2579 447 2639 deam
459 2581 562 2641 medio
577 2587 663 2639 stans
676 2576 777 2638 hostia
790 2575 833 2636 ad
846 2590 938 2648 mam,

60 2660 165 2721 Lenes
178 2661 250 2721 dum
264 2661 355 2722 nivea
372 2661 575 2723 circumdatur
586 2663 683 2723 insula
696 2662 778 2732 vitta,

61 2744 143 2804 lnter
157 2752 332 2807 cunctantes
346 2746 458 2808 cecidit
468 2746 650 2808 moribunda
662 2745 833 2814 ministrnsa
878 2760 890 2775 ⁴·

61 2830 124 2888 Aut
138 2828 166 2889 si
180 2844 272 2905 quam
286 2830 366 2891 terro
377 2826 565 2891 mactaverat
579 2839 650 2890 ante
664 2827 822 2901 sacerdos,
901 2862 904 2867 ,

61 2913 138 2972 lnde
151 2928 252 2988 neque
266 2914 418 2990 impositis
433 2915 541 2975 ardcnt
554 2914 661 2975 altaria
673 2912 787 2986 libris,
902 2926 905 2931 ·
924 2914 927 2919 '
963 2914 1018 2969 illo

60 2996 124 3057 Nec
137 3013 290 3073 responsa
305 3005 407 3073 potest
420 3000 577 3060 consultus
592 2998 724 3058 reddere
737 3000 835 3066 tales,
915 3030 918 3035 <

59 3082 109 3141 Ac
122 3080 175 3141 vix
189 3083 341 3156 suppositi
354 3084 529 3158 tinguuntur
541 3083 689 3157 sanguine
704 3078 789 3140 cultri

62 3164 250 3239 Summaque
264 3165 365 3227 ieiuna
378 3166 465 3227 sanie
478 3166 646 3227 infuscatur
660 3180 762 3226 arena.
876 3184 880 3193 ¹

60 3250 139 3308 Hinc
153 3248 240 3309 laetis
255 3249 339 3309 vituli
353 3250 446 3325 vulgo
460 3251 628 3311 moriuntur
642 3250 672 3309 in
686 3247 799 3318 herbis,

60 3333 99 3391 Et
114 3334 220 3393 dulces
236 3332 353 3395 animas
366 3334 458 3409 plena
472 3335 513 3394 ad
526 3331 848 3409 praesepiureddunt;
929 3334 1019 3391 sos
1133 3402 1136 3407 .

61 3416 140 3476 Hinc
156 3415 283 3479 canibus
296 3416 418 3521 blandis
431 3416 534 3479 rables
544 3418 639 3492 venit,
655 3422 685 3478 et
700 3415 928 3565 qumssssssgm
953 3444 957 3451 ·
974 3432 978 3439 ·

516 3538 546 3583 ‚s
