2326 3780
416 122 611 183 AENEIDOS
632 122 706 183 Lis.
720 124 758 185 X.
1004 122 1067 189 alti

111 276 191 339 ers
206 275 335 351 Etrusco
348 276 427 335 solo.
462 275 607 350 Sequitur
620 275 841 351 pulcherrimus
855 278 958 353 Astur,
1016 286 1068 341 180

110 368 206 423 &stur
220 374 300 436 equo
313 359 415 419 fidens
429 366 460 418 ct
474 360 711 419 versicoloribus
725 359 828 419 armis.

110 446 290 507 r'ercentum
304 444 465 513 adiiciunt;
489 459 576 503 mens
591 443 731 503 omnibus
746 460 808 503 una
821 444 981 519 sequendi,

109 530 166 605 >ui
183 528 308 587 Caerete
322 528 424 601 domo,
442 527 495 601 qui
509 535 580 586 sunt
593 527 736 587 Minionis
751 528 781 585 in
796 528 888 599 arvis,

110 614 145 673 Et
158 612 253 690 Pyrgi
267 618 396 683 veteres,
411 612 674 686 intempestaeque
689 610 864 671 Graviscae.

109 698 178 758 bon
193 712 250 770 ego
266 703 304 770 te,
318 695 462 769 Ligurum
472 695 580 755 ductor
594 696 758 756 fortissime
772 695 863 771 bello,
1018 703 1069 759 tet

108 779 301 854 transierim,
318 778 437 854 Cinyra,
453 787 483 838 et
496 780 604 853 paucis
619 781 759 839 comitate
775 780 910 856 Cupauo,

109 864 201 929 arius
219 864 354 923 olorinae
369 871 495 938 surgunt
510 864 548 922 de
562 864 675 924 verdae
689 880 808 940 pennae
821 897 833 907 -

110 948 228 1011 3rimen
244 964 329 1007 amor
342 955 478 1007 vestrum
493 980 504 988 -
520 948 698 1023 formaeque
712 949 831 1023 insigne
845 957 999 1024 paternae.

113 1034 247 1107 lamque
263 1034 369 1107 lerunt,
384 1032 465 1091 luctu
481 1031 617 1108 Cycnum
629 1031 825 1093 Phaethontis
839 1034 939 1107 amati,

116 1116 262 1194 ‚²opuleas
277 1117 355 1175 inter
369 1116 495 1175 lrondes
510 1115 709 1191 umbramque
723 1132 864 1177 sororum
1016 1124 1068 1180 190

118 1202 187 1261 lum
202 1200 282 1259 canit
296 1206 326 1259 et
340 1207 489 1260 maestum
502 1200 592 1259 Musa
606 1203 722 1261 solatur
735 1216 878 1275 amorem,

120 1284 274 1347 lanentem
288 1284 371 1343 molli
386 1285 489 1358 pluma
505 1284 632 1344 duxisse
648 1291 811 1355 senectam,

123 1371 309 1442 ,inquentem
323 1374 420 1426 terras
435 1374 465 1425 et
479 1367 582 1425 sidera
595 1383 672 1427 voce
687 1375 875 1442 sequentem.

124 1452 213 1523 lilius,
230 1451 376 1524 aequales
391 1451 551 1509 comitatus
566 1451 667 1510 classe
682 1459 831 1526 catervas,

125 1542 265 1609 rigentem
279 1534 371 1592 remis
387 1533 567 1600 Centaurum
581 1541 742 1609 promovet
757 1567 769 1576 -
784 1535 834 1593 ille
1017 1544 1067 1599 195

127 1623 205 1678 ustat
219 1632 327 1691 aquae,
343 1632 513 1691 saxumque
527 1618 617 1677 undis
633 1618 763 1677 immane
777 1618 908 1677 minatur

128 1703 235 1782 mduus
250 1734 262 1743 -
277 1708 308 1760 et
321 1702 413 1775 longa
427 1703 526 1761 sulcat
539 1702 634 1761 maria
649 1703 710 1761 altu
724 1702 835 1761 carina.
974 1722 990 1755 ι

129 1788 163 1847 lle
178 1786 267 1845 etiam
282 1786 388 1861 patriis
403 1802 512 1860 agmen
527 1786 586 1845 ciet
601 1784 702 1845 Ocnus
716 1785 755 1845 ab
770 1786 843 1858 oris,

130 1871 263 1931 'atidicae
278 1870 397 1929 Mantus
413 1877 444 1929 et
456 1869 546 1928 Tusci
561 1870 641 1930 filius
656 1870 763 1944 amnis,

131 1956 167 2019 ui
181 1972 285 2014 muros
300 1954 466 2029 matrisque
480 1953 566 2012 dedit
579 1953 640 2027 tibi,
656 1953 788 2025 Mantua,
803 1967 925 2024 nomen,
1016 1960 1069 2015 000

132 2040 234 2099 lantua
248 2039 336 2097 dives
352 2038 428 2112 avis,
444 2038 576 2097 sednon
591 2054 689 2112 genus
704 2036 845 2097 omnibus
859 2052 968 2096 unum:

134 2138 193 2183 cns
208 2123 251 2182 illi
267 2123 386 2197 triplex,
402 2122 508 2197 populi
523 2120 580 2181 sub
595 2130 684 2196 gente
700 2122 855 2197 quaterni;

135 2223 183 2266 >sa
197 2214 288 2285 caput
302 2207 442 2282 populis,
464 2206 563 2266 Tusco
579 2207 619 2266 de
633 2206 782 2281 sanguine
796 2206 889 2264 vires.

136 2290 187 2348 inc
202 2306 325 2365 quoque
340 2291 522 2365 quingentos
537 2290 568 2349 in
582 2305 618 2349 se
628 2290 797 2350 Mezentius
813 2296 917 2365 armat,

137 2389 194 2433 uos
209 2381 294 2449 patre
308 2374 430 2433 Benaco
445 2374 564 2434 velatus
578 2375 727 2434 arundine
740 2374 851 2449 glauca
1015 2382 1067 2437 000

138 2457 238 2517 Cincius
254 2458 365 2517 intesta
378 2458 507 2518 ducebat
521 2459 552 2517 in
566 2474 703 2533 aequora
716 2458 800 2534 pinu.

148 2541 251 2616 gravis
265 2542 419 2617 Aulestes,
435 2549 622 2617 centenaque
637 2542 747 2602 arbore
762 2541 886 2603 lluctum

141 2625 259 2685 erberat
274 2642 457 2700 assurgens:
478 2634 621 2701 spumant
633 2628 716 2687 vada
729 2641 879 2687 marmore
894 2640 995 2685 verso.

142 2725 196 2770 unc
210 2709 294 2769 vehit
308 2709 447 2769 immonis
461 2710 562 2769 Triton
577 2718 607 2769 et
621 2712 745 2770 caerula
759 2710 878 2770 concha

143 2801 272 2854 (terrens
288 2795 373 2868 freta,
388 2794 437 2853 cui
451 2795 578 2865 laterum
592 2802 680 2855 tenus
695 2795 819 2869 hispida
832 2793 915 2853 nanti
1015 2800 1068 2853 210

144 2894 206 2938 *ons
220 2878 374 2938 honinem
388 2878 529 2953 praesen,
545 2878 575 2936 in
590 2879 708 2954 pristim
724 2878 835 2939 desinit
848 2878 952 2946 alvus;

145 2976 244 3021 tumea
258 2962 400 3022 semilero
417 2962 474 3023 sub
488 2968 613 3037 pectore
627 2968 793 3022 murmurat
808 2959 902 3020 unda.

146 3051 165 3102 it
179 3045 248 3104 lecti
262 3062 407 3121 proceres
421 3053 468 3105 ter
482 3046 570 3106 denis
585 3045 714 3105 navibus
729 3044 812 3103 ibant

147 3127 255 3187 ibsidio
268 3128 385 3204 Troiae,
401 3138 431 3190 ct
444 3144 571 3205 campos
587 3129 661 3189 salis
676 3144 748 3187 aere
762 3126 916 3187 secabant.

151 3211 276 3286 lamque
290 3212 357 3273 dies
373 3214 460 3273 coelo
475 3219 682 3286 concesserat,
698 3213 839 3285 almaque
854 3225 945 3271 curru
1016 3218 1067 3273 215

149 3295 277 3370 ›clivago
292 3294 415 3356 Phoebe
428 3297 563 3358 medium
576 3295 719 3373 pulsabat
733 3295 909 3373 Olympum:

149 3393 233 3439 eneas
248 3410 260 3421 -
274 3394 376 3455 neque
390 3380 471 3441 enim
485 3380 628 3440 membris
643 3381 696 3441 dat
709 3396 787 3441 cura
799 3378 961 3457 quietem-
