2340 4296
161 652 227 717 284
429 652 462 713 P.
484 652 646 715 VlRGlLll
665 648 841 713 MARONlS

156 805 233 880 „Per
249 804 336 864 ducis
350 804 484 865 Evandri
498 820 609 865 nornen
625 804 808 879 devictaque
821 802 912 876 bella,
1071 816 1123 871 alo

156 888 332 965 „Spemque
346 904 454 961 meam,
474 890 591 965 patriae
605 904 684 965 quae
699 902 780 947 nunc
793 886 875 949 subit
888 889 1016 949 aemula
1030 890 1120 963 laudi,

156 973 272 1047 „Fidite
286 988 326 1032 ne
339 972 481 1048 pedibus.
508 973 602 1033 Ferro
617 971 786 1047 rumpenda
800 986 856 1046 per
869 970 979 1033 hostes

155 1056 230 1131 „Est
242 1057 303 1117 via
334 1058 400 1131 Qua
412 1056 524 1132 globus
539 1056 590 1115 ille
605 1056 703 1116 virrim
718 1054 922 1116 densissimus
936 1068 1063 1133 urguet,

156 1142 239 1216 „Hac
254 1157 312 1202 ros
327 1148 357 1201 et
369 1140 506 1201 Pallanta
519 1140 628 1200 ducem
642 1140 741 1215 paula
755 1140 816 1199 alta
828 1140 977 1214 reposcit.

155 1226 303 1300 „Numina
317 1225 400 1285 nulla
412 1232 568 1299 premunt3
590 1224 709 1284 mortali
723 1238 885 1297 urguemur
899 1223 940 1283 ab
955 1225 1051 1288 hoste
1072 1236 1121 1295 sta

156 1309 336 1383 ,Mortalesg
356 1309 482 1370 totidem
496 1308 586 1369 nobis
601 1308 782 1384 animaeque
795 1324 979 1383 manusque.

156 1394 264 1465 „Ecca
281 1393 372 1452 maris
387 1407 497 1467 magna
511 1392 624 1452 claudit
638 1408 696 1453 nos
710 1391 810 1452 obiice
823 1398 952 1467 pontus;

155 1477 270 1550 „Deest
283 1478 344 1537 iam
357 1484 439 1535 terra
453 1476 559 1550 iugera
581 1476 710 1551 pelagus
724 1476 884 1537 Troiamne
899 1484 1092 1552 petenrusr‘*

155 1562 239 1621 llaec
252 1560 294 1619 ait
308 1568 339 1619 et
352 1560 471 1619 medius
486 1559 602 1619 densos
617 1560 786 1635 pronrmpit
799 1560 831 1619 in
844 1558 963 1621 hostes.

156 1643 272 1703 Obvius
287 1644 357 1703 huic
370 1643 510 1718 primum,
527 1644 597 1703 lulis
612 1643 765 1705 adductus
779 1643 901 1719 iniquis,
1071 1657 1121 1712 aso

154 1727 201 1787 Fit
213 1726 330 1801 Lagus:
352 1726 444 1799 hunc,
459 1742 570 1801 magno
584 1728 670 1789 vellit
683 1728 756 1787 dum
771 1728 908 1802 pondere
923 1744 1049 1807 serrum,

155 1812 268 1871 intorto
284 1811 349 1885 figit
362 1811 432 1883 telo,
448 1810 624 1871 discrimina
639 1810 734 1873 costis

154 1894 211 1954 Per
226 1894 360 1955 medium
376 1911 438 1969 qua
452 1896 543 1971 spina
557 1896 657 1968 dabat,
670 1895 851 1969 hastamque
864 1904 1005 1970 receptat

155 1977 284 2039 Ossibus
299 1979 484 2039 haerentem.
514 1979 609 2054 Quem
622 1996 685 2039 non
699 1994 794 2053 super
809 1986 939 2054 occupat
953 1980 1067 2055 Hisbo,

153 2063 208 2121 ille
223 2064 346 2137 quidem
360 2063 419 2122 hoc
434 2078 581 2139 speransr
605 2079 675 2123 nam
688 2063 788 2122 Pallas
804 2070 874 2122 ante
887 2072 1040 2141 mentem,
1069 2076 1119 2131 am

153 2148 231 2207 Dum
245 2146 324 2219 lurit,
341 2149 493 2207 incautum
508 2148 623 2207 crudeli
638 2154 735 2207 morte
749 2146 875 2217 sodalis,

152 2232 274 2307 Excipit
288 2242 382 2307 atque
396 2247 502 2291 ensem
515 2232 632 2291 tumido
646 2231 677 2290 in
692 2232 836 2306 pulmone
849 2231 1001 2292 recondit.

153 2316 232 2376 Hinc
248 2316 424 2377 Sthenelum
439 2316 522 2391 petit,
538 2322 567 2374 et
580 2314 690 2375 Rhoeti
705 2315 745 2374 de
759 2322 849 2388 gente
863 2322 986 2375 vetusta

153 2401 384 2471 Anchemolum,
400 2400 550 2459 thalamos
565 2414 674 2459 ausum
689 2400 838 2459 incestare
853 2414 1018 2460 novercae.

153 2485 220 2544 Vos
235 2484 325 2543 etiarn
339 2484 451 2558 gemini
465 2482 585 2543 Rutulis
599 2482 755 2543 cecidistis
770 2482 799 2541 in
815 2483 907 2555 arvis,
1066 2494 1117 2551 39⁰

152 2569 277 2641 linurin,
292 2567 403 2627 Laride
416 2568 639 2643 Thymberque,
655 2566 804 2626 simillima
821 2569 934 2643 proles,

152 2652 321 2711 Indiscreta
336 2651 409 2725 suis,
424 2659 592 2725 gratusque
607 2650 783 2725 parentibus
798 2666 901 2720 error;

152 2740 194 2795 ht
208 2751 287 2795 nunc
303 2735 379 2794 dura
394 2734 479 2795 dedit
492 2733 582 2795 vobis
598 2735 772 2794 discrimina
786 2733 901 2794 Pallas:

152 2820 228 2877 Nam
242 2818 304 2889 tihi,
319 2818 482 2895 Thymbre,
498 2825 590 2893 caput
602 2818 774 2879 Evandrius
789 2818 912 2878 abstulit
926 2818 1030 2890 ensis;

152 2902 194 2962 Te
209 2903 315 2963 decisa
329 2918 426 2975 suuni,
442 2903 561 2973 Laride,
578 2902 704 2963 dextera
719 2902 846 2977 quaerit,
1063 2914 1115 2969 395

153 2986 417 3063 Semianimesque
432 2986 545 3048 micant
558 2986 642 3061 digiti
659 2988 831 3060 lerrurnque
845 2992 1019 3047 retractant

151 3072 291 3131 Arcadas
306 3086 456 3132 accensos
471 3072 587 3131 monitu
601 3076 632 3129 et
646 3070 805 3145 praeclara
818 3075 937 3129 tuentes

151 3153 244 3215 Facta
257 3156 315 3215 riri
329 3156 442 3214 mixtus
457 3155 547 3214 dolor
560 3162 591 3213 et
605 3155 706 3229 pudor
720 3160 818 3215 armau
832 3153 862 3211 in
877 3152 996 3215 hostes.

151 3241 226 3300 Tum
241 3238 340 3299 Pallas
356 3238 467 3311 biiugis
482 3238 644 3313 lugientem
659 3238 797 3299 Rhoetea
810 3245 931 3313 praeter

151 3324 280 3383 Traiicit.
308 3324 375 3382 Hoc
390 3323 531 3398 spatium,
547 3330 723 3396 tantumque
739 3338 843 3382 morae
857 3322 912 3383 larii
926 3320 986 3383 llo=
1064 3335 1118 3388 400

151 3408 195 3468 llo
210 3422 342 3481 namque
358 3408 466 3481 procul
480 3407 614 3466 validam
629 3407 783 3467 direxerat
797 3406 925 3474 hastam,

152 3490 247 3565 (tironi
262 3491 381 3551 medius
396 3490 553 3552 Rhoeteus
568 3490 727 3565 intercipit,
743 3489 857 3565 optime
869 3488 1012 3567 Teuthra,

150 3574 191 3634 Te
207 3575 325 3649 lugiens
342 3575 527 3651 fratremque
539 3575 657 3653 Tyrem
679 3590 831 3647 curruque
844 3573 969 3635 volutus

152 3658 257 3719 Caedit
273 3659 459 3719 semianimis
473 3660 653 3721 Rutulorum
668 3658 802 3717 culcibus
818 3674 901 3717 arva.

149 3744 197 3801 Ac
211 3744 302 3816 velut,
318 3750 423 3818 optato
437 3746 537 3804 nentis
552 3749 668 3803 aestate
683 3742 806 3815 coortis,
1066 3755 1121 3811 aas

149 3826 299 3899 Dispersa
312 3828 441 3887 immittit
456 3828 542 3887 silvis
557 3825 699 3885 incendia
713 3832 836 3901 peston

147 3908 303 3989 correptis
318 3910 420 3973 subito
435 3912 556 3987 mediis,
568 3909 741 3971 extenditur
753 3924 815 3967 rina
