2326 3780
424 178 618 247 AENEIDOS
639 179 711 237 LIB.
726 178 762 237 11.
968 200 972 207 ·
1010 174 1072 241 107

122 331 312 393 circumfusa
325 329 392 402 ruit,
408 336 585 404 certantque
599 330 727 389 illudere
742 338 842 405 capto.

121 415 238 491 Accipe
251 428 331 473 nnnc
344 412 483 473 Danaum
497 414 634 487 insidias,
650 420 681 474 et
694 415 818 473 crimine
832 412 870 474 ab
885 429 946 476 uno
1036 422 1073 478 65

121 500 213 558 Disce
228 512 344 557 omncs.

120 584 257 657 Namque
271 587 306 641 ut
319 586 488 655 conspectu
501 581 532 639 in
546 581 647 642 medio
663 580 807 655 turbatus,
822 581 954 656 inermis,

122 666 261 726 Constitit
275 671 366 738 atque
380 664 477 723 oculis
490 663 623 741 Phrygia
637 665 758 740 agmina
772 665 1002 740 circumspexit;

76 826 79 831 Ι
121 750 216 826 „Heu
230 749 511 824 quaenuuctellus“
521 748 626 823 inquit,
639 755 1073 825 „quaemeaequorapossuut

122 834 300 910 „Accipere
315 838 367 891 aut
381 832 456 906 quid
470 832 530 892 iam
543 834 655 893 misero
670 833 742 891 mihi
757 833 891 907 denique
902 840 1005 907 restat„
1038 840 1073 896 70

121 918 194 994 „Cui
208 931 308 991 neque
323 916 406 990 apud
419 915 543 976 Danaos
558 932 688 991 usquam
701 920 797 991 locus,
813 924 844 976 et
857 933 951 990 super
965 916 1025 993 ipsi

120 1000 334 1076 „Dardanidae
348 1001 458 1060 infensi
473 1016 590 1076 poenas
606 1016 675 1060 cum
689 1002 836 1075 sanguine
850 1005 1021 1075 poscuutt“
1044 1020 1048 1029 ¹

121 1086 187 1159 Quo
201 1089 315 1161 gemitu
329 1084 471 1144 conversi
486 1085 586 1156 animi,
603 1100 799 1160 compressus
814 1091 843 1144 et
857 1085 956 1145 omnis

121 1170 265 1245 Impetus.
299 1168 463 1227 Hortamur
477 1168 542 1242 lari,
558 1184 619 1243 quo
634 1169 783 1243 sanguine
797 1177 908 1242 cretus,

122 1252 240 1325 Quidve
254 1253 344 1321 lerat;
368 1258 523 1323 memoret„
538 1267 617 1325 quae
632 1252 671 1310 sit
684 1252 797 1311 fiducia
811 1260 912 1327 capto.
1039 1259 1074 1315 75

121 1336 175 1394 Ille
188 1335 274 1408 haec,
289 1334 431 1407 deposita
443 1334 567 1393 taudem
581 1335 749 1409 formidine,
764 1336 858 1394 latum

122 1418 256 1494 „Cuncta
270 1415 414 1490 equidem
427 1416 489 1489 tibi,
505 1432 569 1490 rex,
584 1418 674 1478 fuerit
689 1418 912 1491 quodcumque,
929 1419 1048 1479 fatebor

123 1501 242 1576 „Vera“
257 1499 362 1573 inquit,
378 1514 498 1573 „neque
512 1514 561 1558 me
575 1501 719 1573 Argolica
735 1502 773 1558 dc
787 1508 877 1574 gente
891 1502 1026 1576 negabor

123 1583 207 1660 „Hoc
219 1583 364 1657 primum;
387 1597 453 1653 nec,
470 1583 496 1642 si
511 1583 654 1641 miserum
667 1583 799 1642 Fortuna
814 1583 959 1643 Sinonem

123 1665 250 1744 „Finxit
265 1680 378 1723 vanum
393 1666 483 1725 etiam
496 1666 736 1740 mendacemque
750 1666 890 1741 improba
903 1666 1005 1742 finget.
1039 1674 1078 1731 00

123 1750 248 1828 „Fando
263 1747 390 1823 aliquod
404 1749 430 1808 si
446 1750 524 1808 forte
538 1756 605 1809 tuas
620 1751 759 1824 pervenit
774 1751 814 1808 ad
828 1765 917 1809 aures

123 1834 268 1912 „Belidae
281 1847 393 1891 nomen
406 1832 577 1893 Palamedis
593 1839 623 1893 et
636 1833 750 1909 inclyta
764 1834 845 1892 lama

122 1918 255 1995 „Gloria
272 1931 362 1991 quem
376 1917 456 1977 falsa
470 1917 526 1978 sub
540 1917 714 1992 proditione
727 1916 846 1991 Pelasgi

123 2003 297 2079 „Insontem
310 2000 436 2061 infando
450 2001 573 2076 indicio,
589 2001 661 2077 quia
675 2001 755 2060 bella
766 2000 899 2073 vetabat,

122 2085 300 2163 „Demisere
313 2085 391 2160 neci,
407 2101 487 2145 nunc
503 2100 625 2145 cassum
637 2086 750 2145 lumine
765 2086 882 2160 lugemz
1040 2092 1076 2147 85

122 2170 188 2246 „Illi
201 2185 251 2228 me
266 2169 406 2229 comitem
421 2175 450 2229 et
464 2170 727 2244 consanguinitate
743 2170 949 2245 propinquam

123 2252 262 2328 „Pauper
276 2252 308 2311 in
321 2268 406 2313 arma
418 2260 507 2328 pater
520 2254 625 2328 primis
641 2253 700 2314 hue
713 2254 796 2313 misit
809 2253 846 2312 ab
862 2251 960 2312 annis.

123 2337 221 2413 „Dum
235 2335 334 2396 stabat
346 2351 441 2410 regno
456 2338 617 2398 incolumis
631 2352 798 2413 regumque
811 2336 935 2410 vigebat

109 2420 302 2496 ·„Conciliis;
326 2426 426 2480 etuas
442 2421 568 2496 aliquod
582 2437 754 2495 nomenque
766 2422 924 2495 decusque

123 2503 312 2580 „Gessimus
346 2503 466 2563 Invidia
479 2512 642 2581 postquam
658 2505 785 2580 pellacis
798 2504 893 2565 Ulixi·
1041 2510 1077 2565 00

123 2587 232 2663 „Haud
247 2588 351 2662 ignota
364 2587 609 2664 loquor-superis
625 2589 779 2648 concessit
792 2588 830 2649 ab
843 2588 922 2658 oris;

123 2671 285 2746 „afflictus
298 2670 392 2730 vitam
406 2673 583 2732 intenebris
598 2673 741 2747 luctuque
756 2672 921 2744 trahebam,

123 2755 181 2828 „Et
194 2770 300 2815 casum
314 2755 443 2815 insontis
458 2771 577 2815 mecum
590 2756 771 2831 indignabar
784 2752 883 2815 amici.

123 2838 206 2912 „Nec
220 2837 300 2899 tacui
315 2838 451 2914 demens,
467 2846 497 2898 et
509 2854 567 2913 me,
583 2841 647 2900 fors
663 2840 689 2899 si
705 2856 766 2914 qua
779 2840 906 2911 tulisset,

123 2918 178 2995 „Si
191 2921 307 2997 patrios
321 2939 466 2998 umquam
479 2938 666 2983 remeassem
679 2923 778 2984 victor
791 2924 832 2983 ad
844 2923 957 2996 Argos,
1040 2927 1076 2983 95

123 3003 271 3078 „Promisi
283 3006 420 3082 ultorem,
436 3013 466 3066 et
479 3006 583 3067 verbis
598 3007 671 3067 odia
684 3005 795 3082 aspera
808 3005 900 3065 movi.

124 3088 221 3161 „Hinc
235 3088 308 3147 mihi
320 3090 419 3165 prima
433 3091 504 3150 mali
519 3091 619 3160 labes3
641 3090 712 3150 hine
727 3104 849 3165 semper
861 3088 968 3148 Ulixes

124 3170 324 3244 „criminibus
337 3179 451 3233 terrere
466 3175 566 3248 novis,
580 3174 651 3233 hinc
666 3190 811 3250 spargere
826 3187 920 3232 voces

123 3255 179 3328 „In
191 3256 316 3329 vulgum
329 3257 495 3333 ambiguas,
511 3265 540 3316 et
555 3272 702 3333 quaerere
716 3257 859 3317 conscius
873 3271 970 3317 arma.

124 3338 206 3412 „Nee
219 3338 369 3413 requievit
381 3343 470 3417 enim,
486 3341 585 3401 donec
600 3341 762 3401 Calchante
778 3340 947 3400 ministro...
1022 3350 1076 3404 100

123 3421 209 3501 „Sed
223 3422 298 3500 quid
311 3438 370 3501 ego
384 3426 461 3485 haec
471 3431 571 3485 autem
580 3425 787 3499 nequidquam
798 3424 916 3499 ingrata
925 3424 1077 3486 revolvor
