2326 3780
170 181 233 245 112
439 179 472 238 P.
494 180 655 240 VlRGlLH
676 179 852 239 mattollls

170 336 208 394 Et
222 335 281 392 iam
295 332 412 408 Argiva
425 331 560 407 phalanx
574 331 727 392 instructis
743 330 950 390 navibus-ibat

170 417 346 491 ATenedo,
360 416 469 476 tacitae
484 431 541 491 per
555 416 654 475 amica
668 416 789 475 silentia
803 416 892 474 lunae
1076 423 1122 476 aaa

170 504 273 562 Litora
287 508 359 561 nota
372 507 491 576 petens,
506 498 645 559 flammas
661 515 753 574 quum
766 499 852 573 regia
864 501 980 576 puppis

170 586 334 658 Extulerat,
350 584 483 659 latisque
498 583 590 642 derim
604 584 749 643 defensus
764 583 876 657 iniquis

171 671 310 730 Inclusas
325 676 411 729 utero
426 668 550 727 Danaos
566 674 596 725 et
609 668 700 742 pinea
715 667 815 726 lurtinr

169 755 267 814 Laxat
281 754 414 812 claustra
428 751 534 811 Sinon.
555 750 627 810 lllos
643 752 812 826 patefactas
827 751 866 810 ad
882 767 972 810 auras

170 837 284 899 Reddit
298 852 404 911 equus,
419 836 552 909 laetique
566 849 643 894 cavo
660 851 695 894 se
709 834 821 894 robore
836 841 978 910 promunt
1078 842 1125 896 ato

168 920 384 981 Thessandrus
400 918 623 993 Sthenelusque
637 919 733 979 duces
749 927 779 979 et
792 920 876 978 dirus
890 919 1008 991 UlixeS,

171 1005 345 1065 Demissum
361 1002 440 1078 lapsi
454 1004 634 1077 personam,
650 1005 845 1078 Acamasque
858 1003 1034 1079 Thoasque,

169 1089 354 1161 Pelidesque
367 1087 592 1161 Neoptolemus,
608 1088 785 1162 primusque
799 1086 958 1160 Machaon,

169 1172 209 1232 Et
221 1171 388 1243 Menelaus,
410 1178 440 1229 et
454 1170 522 1247 ipse
536 1170 598 1230 doli
613 1171 776 1232 fabricator
788 1171 901 1245 Epeos.

170 1255 322 1315 Invadunt
336 1254 441 1313 urbem
457 1270 566 1313 somno
581 1256 716 1329 vinoque
730 1256 897 1330 sepultam;
1080 1264 1128 1318 265

172 1339 346 1398 Caeduntur
361 1338 480 1413 vigiles
494 1340 654 1414 portisque
668 1339 840 1414 patentibus
856 1353 962 1398 omnes

171 1422 335 1498 Accipiunt
350 1422 453 1482 socios
469 1429 560 1497 atque
575 1424 695 1499 agmina
710 1424 835 1483 conscia
850 1422 986 1495 iungunt.

214 1507 345 1581 Tempus
361 1513 434 1580 erat,
451 1522 512 1582 quo
527 1508 624 1582 prima
639 1507 726 1582 quies
741 1505 918 1567 mortalibus
933 1505 1038 1580 aegris

172 1590 289 1665 Incipit,
310 1597 339 1650 et
353 1591 435 1650 dono
451 1591 555 1651 divdm
569 1592 742 1666 gratissima
756 1591 865 1666 serpit:

172 1676 207 1734 ln
222 1675 348 1749 somnis,
363 1690 446 1748 ecce,
468 1682 539 1735 ante
553 1676 660 1736 oculos
673 1675 894 1736 maestissimus
908 1672 1026 1733 Hector
1082 1678 1132 1732 alo

172 1759 267 1819 Visus
283 1759 395 1819 adesse
410 1759 491 1833 mihi,
507 1761 672 1836 largosque
686 1760 844 1820 effundere
859 1757 959 1830 fletus,

171 1842 321 1919 Raptatus
336 1843 425 1918 bigis,
440 1838 471 1903 rit
487 1845 649 1918 quondam,
666 1852 791 1918 aterque
805 1848 929 1903 cruento

172 1926 309 1999 Pulvere,
327 1942 443 2002 perque
458 1927 555 2002 pedes
568 1927 712 1988 traiectas
728 1929 794 1987 lora
808 1933 968 1988 tumentes,

172 2011 229 2070 Hei
243 2012 324 2083 mihi,
342 2011 439 2084 qualis
455 2018 532 2069 erat!
557 2018 700 2086 quantum
715 2019 844 2072 mutatus
861 2011 899 2070 ab
915 2009 966 2069 illo

135 2140 139 2151 ,
172 2096 313 2167 Hectore,
331 2094 381 2168 qui
396 2094 475 2153 redit
489 2095 616 2155 exuvias
632 2095 754 2156 indatus
769 2096 888 2168 Achilli,
1083 2101 1133 2157 275

172 2179 231 2239 Vel
245 2178 384 2237 Danaum
397 2177 547 2254 Phrygios
561 2178 709 2240 iaculatus
724 2179 878 2255 puppibus
892 2178 997 2252 ignes!

174 2261 370 2336 Squalentem
383 2259 510 2320 barbam
524 2270 555 2321 et
568 2270 729 2323 concretos
745 2264 893 2337 sanguine
907 2262 1020 2339 crineS,

172 2346 369 2419 Vulneraque
384 2345 434 2403 illa
447 2361 566 2421 gerens,
583 2363 662 2421 quae
676 2348 788 2407 circam
803 2347 932 2422 plurima
945 2363 1054 2409 muros

173 2429 302 2503 Accepit
315 2429 441 2503 patrios.
469 2429 554 2489 Ultro
570 2430 649 2491 ilens
664 2432 733 2506 ipse
748 2431 876 2490 videbar

174 2512 363 2587 compellare
376 2514 474 2572 virum
489 2522 519 2573 et
532 2522 665 2575 maestas
680 2531 860 2591 expromere
874 2530 984 2574 voces=
1081 2524 1134 2578 280

184 2593 220 2670 ‚0
236 2596 287 2655 lux
302 2596 483 2669 Dardaniae,
503 2613 576 2673 spes
593 2615 611 2660 o
626 2600 776 2660 fidissima
789 2599 945 2670 Teucrrim,
1031 2664 1040 2677 ,

174 2678 279 2754 „Quae
293 2686 394 2740 tantae
408 2687 533 2741 tenuere
546 2691 672 2742 morae?
694 2685 804 2760 quibus
819 2684 932 2743 Hector
945 2682 984 2742 ab
1001 2685 1068 2746 oris

174 2762 378 2838 „Exspectate
393 2765 500 2824 venis't
518 2772 552 2825 ut
565 2774 595 2826 te
609 2774 681 2842 post
696 2769 789 2830 multa
801 2776 920 2828 tuorum

175 2846 323 2922 „Funera
340 2854 412 2922 post
425 2847 529 2910 varios
544 2849 761 2927 hominumque
774 2852 921 2927 urbisque
935 2850 1062 2914 labores

174 2930 317 3007 ,‚l)elessi
333 2931 542 3006 adspicimus?
563 2951 642 3009 quae
658 2952 769 2997 caussa
783 2937 908 3010 indigna
921 2950 1054 2998 serenos
1080 2948 1134 3003 285

174 3014 343 3087 „Foedavit
356 3016 467 3090 vultus,
483 3023 534 3077 aut
548 3033 602 3080 cur
614 3020 691 3081 haee
705 3021 832 3082 rulnera
846 3024 988 3079 cemot“

174 3099 228 3159 lllc
243 3099 325 3173 nihil,
341 3115 397 3159 nee
411 3116 460 3159 me
475 3111 669 3176 quaerentem
682 3122 764 3165 vana
776 3111 919 3177 moratur,

176 3182 238 3243 Sed
253 3184 386 3258 graviter
399 3184 527 3259 gerallus
541 3186 602 3247 imo
618 3189 658 3248 de
672 3196 798 3265 pectore
812 3189 938 3261 ducens,

175 3266 261 3341 „Heu
277 3268 356 3343 luge,
373 3275 443 3329 nate
457 3269 525 3343 dea,
540 3276 632 3347 teque
645 3272 715 3334 his“
730 3274 772 3333 ait
785 3271 891 3348 „eripe
905 3270 1049 3335 llamnris.

175 3350 301 3424 „Hostis
315 3352 407 3412 hahet
420 3369 540 3425 muros;
561 3356 620 3416 ruit
634 3357 695 3417 alta
709 3374 727 3417 a
742 3356 872 3417 culmine
884 3355 984 3416 Troia.
1079 3370 1135 3425 290

163 3431 245 3512 „Sat
255 3438 378 3517 patriae
392 3436 576 3519 Priamoque
590 3440 705 3504 datura.
729 3438 925 3515 SiPergama
936 3440 1045 3503 dextra
