2326 3780
374 134 569 195 AENEIDOS
589 134 662 194 LlB.
677 136 716 194 V.
961 137 1021 201 181

65 291 257 368 „Sideraque
272 300 415 348 emensae
430 288 561 361 ferimur,
579 289 651 347 dum
665 305 722 364 per
735 304 819 350 mare
832 306 974 366 magnum

66 376 203 452 „ltaliam
218 373 374 448 sequimur
388 372 561 446 fugientem,
577 380 608 432 et
620 375 774 433 volvimur
785 375 887 435 undis.

66 460 142 535 „Hie
157 458 265 533 Erycis
281 457 358 515 fines
374 456 498 515 fraterni
513 462 604 529 atque
619 457 735 533 hospes
749 460 894 518 Acestes=
971 466 1024 521 610
1116 464 1119 473 ’

66 544 176 619 „Quod
190 540 339 617 prohibet,
354 556 458 599 muros
473 539 574 598 iacere
589 547 618 598 et
633 542 707 600 dare
722 541 841 601 civibus
855 543 984 602 1111161111

65 626 109 702 „0
125 627 223 701 patria
237 632 267 684 et
280 624 358 700 rapti
374 624 581 698 nequidquam
596 640 636 683 ex
649 625 739 684 hoste
753 625 891 699 Penates,

64 712 210 786 „Nullane
225 710 285 768 iarn
298 709 407 768 Troiae
421 708 559 767 dicentur
572 708 716 768 moenia?
735 726 888 785 nusquam

64 796 254 871 „Hectoreos
269 808 384 864 amnes,
399 792 552 852 Xanthum
567 792 775 866 6181666116,
790 794 927 854 videbor

63 880 161 955 „Quin
177 879 265 953 agite,
281 884 311 937 61
325 891 444 936 mecum
458 877 570 935 infaust
558 884 606 935 tas
621 878 736 937 exurite
751 894 890 973 puppes·
971 886 1023 943 636

64 964 159 1039 „Nam
173 963 246 1020 mihi
263 960 455 1021 Cassandrae
469 976 526 1036 per
540 976 680 1020 somnum
696 963 797 1021 vatis
790 952 891 1037 uhogo

62 1049 235 1123 „Ardentes
251 1047 325 1106 dare
338 1046 408 1104 visa
422 1046 517 1104 faces
553 1045 628 1119 „flio
644 1047 780 1121 quaerite
794 1046 929 1118 Troiom;

43 1132 164 1206 -„„Hic
180 1132 289 1190 domus
305 1135 371 1190 est“
385 1130 482 1204 inquit
496 1129 635 1203 „vohis.“
686 1131 774 1189 larnt
762 1138 882 1206 tempus
897 1132 945 1206 agi
960 1147 1021 1204 res,
1034 1194 1038 1201 ,

61 1216 144 1290 „Nee
157 1217 249 1274 tantis
264 1230 350 1273 more
364 1214 523 1289 prodigiis.
557 1214 602 1271 En
619 1222 748 1288 quatuor
763 1232 834 1274 arae

61 1299 236 1373 „Neptunm
260 1299 337 1359 deus
352 1299 421 1372 ipse
435 1298 519 1355 faces
535 1298 730 1371 animumque
745 1300 922 1359 ministrat.“
969 1308 1023 1362 oto

60 1384 146 1441 Haec
162 1397 344 1451 memorans,
360 1381 458 1455 prima
473 1380 624 1439 infensum
640 1382 670 1438 vi
686 1382 810 1455 corripit
826 1383 934 1457 ignem,

62 1466 251 1539 sublataque
266 1464 373 1538 procul
388 1464 495 1522 dextra
510 1464 642 1522 connixa
658 1470 800 1523 coruscat

60 1550 100 1608 Et
114 1549 193 1607 iacit.
227 1552 373 1606 Arrectae
388 1553 503 1606 mentes
520 1547 752 1621 stupefactaque
769 1549 863 1607 corda

62 1633 203 1692 Iliadum.
239 1631 294 1689 Hic
309 1648 370 1690 una
385 1646 402 1688 6
417 1631 526 1702 multis,
545 1646 625 1704 quae
639 1631 773 1689 maxima
788 1639 869 1704 natu,

59 1718 172 1793 Pyrgo,
187 1723 232 1775 tot
244 1714 354 1774 Priami
368 1721 508 1774 natorum
522 1714 607 1788 regia
621 1715 738 1773 nutrix:
960 1724 1020 1781 ,616

60 1802 146 1877 „Non
161 1801 260 1859 Beroe
277 1798 374 1872 vobis,
390 1814 451 1858 non
466 1799 543 1858 haec
557 1799 714 1870 Rhoeteia,
731 1806 853 1872 matres,

59 1887 135 1963 „Est
150 1885 274 1960 Dorycli
291 1884 417 1942 eoniux=
440 1882 535 1941 divini
550 1883 641 1957 signa
655 1884 777 1943 decoris

60 1971 296 2046 „Ardentesque
312 1975 413 2027 notate
429 1968 547 2041 6611166,
565 1968 616 2043 qui
632 1967 757 2043 spiritus
772 1968 824 2040 illi,

60 2055 136 2129 „Qui
151 2056 262 2127 vultus
280 2054 429 2128 vocisque
444 2068 549 2125 sonus,
566 2058 596 2111 et
610 2067 736 2126 gressus
753 2052 845 2112 eunti.

60 2139 153 2214 „lpsa
168 2146 287 2212 egomet
302 2138 417 2198 dudum
430 2136 549 2195 Beroen
566 2136 707 2210 digressa
721 2137 831 2213 reliqui
967 2144 1020 2199 661

61 2224 222 2296 „Aegram
238 2222 454 2296 indignantem,
469 2221 521 2279 tali
537 2220 621 2296 quod
636 2221 704 2279 sola
718 2228 835 2280 careret

61 2305 215 2378 „Munere
231 2320 289 2365 nec
303 2306 428 2365 meritos
442 2304 598 2364 Anchisae
613 2304 735 2365 inferret
748 2306 913 2366 honores.“

59 2389 144 2448 Haec
160 2387 261 2447 effata.

59 2474 102 2532 At
115 2478 227 2533 matres
243 2473 341 2547 primo
356 2474 504 2548 ancipites
520 2475 680 2549 oculisque
694 2473 835 2548 malignis

60 2555 232 2632 Ambiguae
247 2562 389 2632 spectare
402 2564 484 2617 rates
500 2558 644 2618 miserum
660 2559 737 2618 inter
751 2573 885 2618 amorem
965 2564 1018 2619 616

57 2641 232 2701 Praesentis
246 2648 345 2701 terrae
359 2640 490 2717 fatisque
504 2643 647 2702 vocantia
661 2658 770 2716 regna:

59 2726 156 2799 Quum
172 2727 232 2785 dea
247 2742 282 2785 se
296 2724 422 2801 paribus
436 2741 493 2801 per
507 2728 626 2786 eoelurn
643 2726 764 2786 sustulit
778 2727 845 2799 6116,

13 2828 16 2833 ·
57 2811 276 2885 ingentemque
290 2811 363 2885 fuga
377 2811 475 2870 secuit
489 2811 546 2870 sub
561 2810 694 2871 nubibus
710 2826 823 2869 areum.

58 2893 133 2952 Tum
146 2909 221 2953 vero
237 2896 379 2954 attonitae
393 2895 537 2955 monstris
552 2902 700 2970 actaeque
715 2895 817 2954 furore

60 2978 263 3052 Conclamant,
279 2980 461 3055 rapiuntque
476 2979 554 3039 focis
568 2977 775 3055 penetralibus
790 2977 906 3052 ignem;
964 2980 1018 3037 666

57 3062 132 3121 Pars
147 3062 281 3136 spoliant
295 3079 374 3130 ares,
394 3064 535 3123 frondem
550 3079 586 3123 ac
600 3063 730 3137 virgulta
744 3062 892 3135 facesque

59 3146 237 3206 coniiciunt-
271 3146 353 3208 Furit
366 3148 512 3207 immissis
526 3148 683 3206 Vulcanus
698 3144 827 3203 habenis

58 3232 201 3292 Transtra
214 3247 270 3307 per
284 3240 315 3292 et
327 3248 430 3293 remos
445 3240 476 3292 et
489 3232 588 3308 pietas
604 3231 703 3289 abiete
719 3243 855 3305 puppes.

56 3315 185 3377 Nuntius
199 3316 354 3377 Anchisae
369 3316 409 3377 ad
424 3317 574 3378 tumulum
589 3329 781 3390 cuneosque
791 3310 916 3372 11166111

46 3401 195 3459 1116611666
203 3401 322 3475 perfert
337 3418 436 3464 naves
450 3404 616 3480 Eumelus,
634 3411 670 3465 et
681 3401 754 3481 ipsi
1014 3382 1080 3440 ω
