2340 4296
159 618 223 684 370
430 614 463 675 P.
484 612 646 674 vtRGttlt
665 610 844 674 attaottts

141 772 220 847 ‘‚,Te
233 783 308 827 vere
322 766 440 827 victore
454 766 538 841 prius
554 764 603 823 vel
617 764 720 823 sidera
734 780 845 826 cursus

160 853 330 929 „lllutatnra
343 865 428 923 suos,
443 864 534 923 quam
548 855 579 907 te
593 848 664 907 mihi
678 848 751 908 talia
765 854 877 924 captae
1086 866 1133 917 tat

160 938 341 1012 „Facturum
354 934 456 993 metui.
483 934 546 991 lam
560 932 620 991 iam
633 932 735 992 scelus
750 934 853 992 emnia
868 934 982 997 vineit.

161 1020 252 1093 „Tcn'
267 1034 326 1093 ege
341 1018 411 1091 plus
427 1016 525 1091 patrie
540 1014 632 1075 dilexi
647 1015 767 1091 perdita
779 1025 902 1091 regne?
952 1072 955 1079 .

161 1104 251 1177 „Ten’
266 1108 346 1176 eget
365 1101 427 1160 Nee
440 1100 556 1174 mirum,
570 1100 654 1158 vultu
669 1097 800 1173 decepta
814 1101 923 1175 puella

162 1186 221 1259 „Ut
233 1185 306 1258 vidi,
321 1192 354 1243 ut
368 1183 458 1259 periit
480 1190 513 1243 ut
526 1198 575 1242 me
588 1183 686 1243 malus
701 1182 825 1243 abstulit
838 1193 947 1245 errent

162 1269 247 1342 „Non
263 1267 405 1343 equidem
418 1282 459 1326 ex
473 1266 531 1327 isto
547 1266 669 1342 speravi
684 1280 816 1341 corpore
830 1282 934 1341 pesse
1084 1282 1132 1335 ³³⁰

162 1352 253 1425 „Tale
265 1351 377 1411 malum
390 1349 491 1420 nasei3
514 1352 612 1409 lorma
624 1350 675 1409 vel
689 1350 791 1409 sidere
798 1350 907 1411 laller.

162 1436 232 1508 „Me
246 1452 308 1493 non
323 1434 439 1493 deliciis
453 1434 617 1494 commovit
629 1433 714 1508 regia
728 1433 825 1505 dives,

162 1518 305 1595 „Curtilio
321 1516 426 1591 fragili,
443 1524 534 1591 atque
549 1517 661 1576 electra
676 1516 849 1587 lacrimoso,

162 1600 232 1679 „lle
246 1616 307 1660 nen
321 1600 466 1659 llerenles
480 1600 599 1673 aequali
615 1615 745 1675 corpore
759 1598 929 1676 nymphae,

162 1686 250 1759 „Non
264 1690 363 1743 metus
377 1682 533 1743 incensam
548 1684 646 1758 potuit
659 1683 789 1743 retinere
803 1683 947 1743 dearum.
1082 1698 1128 1751 435

163 1766 290 1843 „Omnia
302 1765 396 1827 vincit
409 1782 510 1826 amor:
533 1767 607 1843 quid
621 1768 701 1826 enlm
714 1782 775 1826 nen
791 1766 932 1829 vinceret
947 1768 1028 1831 illel

162 1851 249 1927 „Non
263 1848 338 1911 milti
350 1848 412 1911 iam
424 1850 531 1926 pingui
544 1850 697 1911 sudabunt
712 1857 850 1925 tempora
863 1852 1010 1928 myrrha,

162 1933 322 2011 „Pronuba
335 1948 393 1995 nae
407 1940 510 1995 castos
525 1934 672 1993 accendet
685 1934 776 2009 pinus
790 1934 943 2011 honores,

163 2020 245 2093 „Nec
259 2018 355 2097 libys
368 2018 502 2095 Assyrio
517 2024 667 2077 sternetur
681 2018 808 2077 lectulus
823 2025 923 2079 estro.

164 2102 294 2178 „Magna
301 2116 427 2177 queram
443 2116 499 2161 nee
507 2115 555 2160 mc
567 2102 618 2161 illa
625 2101 748 2176 quidem
759 2102 969 2165 communiter
981 2106 1067 2169 alma
1081 2117 1126 2170 lat

164 2185 331 2260 „Omnibus
348 2184 459 2245 iniecta
471 2185 560 2245 tellus
575 2184 732 2245 tumulabit
744 2200 847 2243 arena.

164 2270 272 2345 „Mene
285 2270 362 2329 inter
375 2275 485 2331 matres
500 2268 721 2343 ancillaresquc
735 2269 858 2327 maritas

163 2353 272 2427 „Mene
287 2351 363 2411 alias
376 2352 454 2411 inter
468 2352 646 2412 lamularum
660 2366 784 2411 munere
799 2351 894 2425 iungi,

163 2436 326 2513 „Coniugis
342 2443 433 2510 atque
448 2443 526 2509 tuae,
549 2450 758 2509 quaecumque
772 2436 828 2495 erit
842 2435 904 2509 illa,
927 2438 1049 2504 beatae

163 2520 247 2596 „Non
263 2519 345 2579 licuit
358 2518 503 2593 gravidos
517 2534 615 2592 penso
631 2518 794 2579 devolvere
810 2519 922 2579 lusos?
1081 2534 1123 2587 aa

163 2606 221 2679 „At
234 2602 306 2662 belli
321 2603 428 2663 saltem
443 2602 593 2676 captivam
607 2603 675 2677 lege
689 2610 850 2663 necesses!

162 2688 246 2761 „lam
261 2686 363 2746 fessae
376 2686 499 2745 landem
513 2686 631 2761 lugiunt
644 2686 684 2747 de
699 2702 828 2761 corpere
844 2687 940 2765 vires,

162 2770 218 2845 „Et
231 2777 322 2845 caput
336 2767 448 2829 inllexa
462 2769 574 2829 lentum
589 2770 708 2829 cervice
722 2769 879 2851 recumbit,

162 2853 353 2927 „lllarmorea
367 2852 507 2913 adduciis
522 2852 681 2913 albescunt
693 2853 819 2913 brachia
833 2855 938 2915 nudis.

162 2938 364 3011 „Aequor-eae
378 2937 500 3011 pristes,
515 2937 656 2995 immania
670 2952 802 3012 corpora
816 2940 913 3012 penti,
1078 2956 1121 3007 ist

162 3020 323 3095 „Undique
338 3020 524 3080 conveniunt
536 3029 566 3079 et
579 3022 688 3095 glauco
703 3020 732 3080 in
746 3020 864 3095 gurgite
880 3024 1008 3089 circum

162 3103 319 3177 „Verbere
333 3103 498 3163 caudarum
512 3113 603 3178 atque
618 3105 680 3164 oris
695 3104 867 3163 minitantur
881 3104 984 3170 ltiatu.

161 3188 244 3261 „lam
257 3187 379 3246 tandem
394 3202 486 3247 casus
501 3187 664 3263 hominum,
679 3188 739 3247 iam
753 3189 882 3262 respice,
899 3190 1031 3257 lllinost

160 3268 228 3347 „Sit
241 3270 315 3329 satis
329 3270 398 3344 laec,
412 3277 527 3331 tantum
541 3272 639 3331 solam
653 3272 771 3331 vidisse
784 3273 946 3334 aratorum.

162 3354 238 3429 „Vel
254 3356 315 3414 late
331 3354 419 3413 luerit
432 3352 521 3413 nobis
535 3354 612 3414 haec
627 3354 728 3415 debita
743 3354 848 3430 pestis,
1076 3373 1122 3427 455

160 3438 238 3511 „Vel
253 3454 327 3497 casu
342 3438 465 3513 incerte,
480 3438 586 3499 merita
598 3440 648 3499 vel
664 3439 796 3513 denique
810 3439 913 3514 calpa.

161 3520 288 3593 „Omnia
302 3538 371 3580 nam
386 3522 496 3597 petius,
513 3540 604 3597 quam
618 3529 647 3582 te
662 3522 800 3595 laesisse,
814 3522 968 3597 putabe.“

200 3604 323 3665 Labitur
337 3606 451 3665 interea
464 3608 601 3666 revoluta
615 3602 653 3665 ab
669 3607 755 3667 litere
769 3607 890 3681 classis,

160 3686 271 3762 Magna
284 3690 441 3765 repentine
457 3690 614 3751 sinuantur
627 3690 719 3751 lintea
735 3692 822 3763 Coro,

160 3770 300 3831 Flectitur
314 3774 344 3831 in
357 3774 446 3832 viridi
460 3789 562 3834 remus
577 3776 650 3848 sale,
666 3774 809 3851 languida
825 3774 933 3837 lessae
1078 3793 1125 3847 tae

160 3853 292 3930 Virginis
307 3857 337 3915 in
353 3872 444 3919 cursu
458 3858 582 3918 moritur
596 3860 784 3935 querimonia
799 3860 904 3935 longo.
