2326 3780
143 184 208 251 228
414 183 447 243 P.
467 182 630 245 vllteltlt
650 182 845 247 otthonis
885 218 900 249 s

144 338 301 413 Signaque
315 335 395 395 lene
408 335 697 409 iuvat,'sonitusque
712 338 834 399 audire
848 341 1008 405 tubamnn

144 423 284 498 Quinque
297 421 377 481 adeo
391 435 522 494 magnae
534 419 645 495 positis
659 419 836 484 incudibus
853 426 958 487 urbes

143 507 216 566 Tela
230 512 352 580 novant,
366 504 459 564 Atina
472 509 592 579 potens,
606 502 763 579 Tiburque
776 510 978 586 superbum,
1053 512 1074 570 d

143 591 256 663 Ardea,
273 588 527 663 Crustumerique,
542 595 573 648 et
586 589 754 663 turrigerae
768 591 973 655 Antemnae.

144 675 289 755 Tegmina
300 680 364 733 tuta
378 679 488 732 cavant
502 672 644 747 capitum,
660 671 862 749 flectuntque
878 679 1019 757 salignas

110 820 116 831 ,
143 758 316 820 Umbonum
331 765 445 821 crates:
467 756 518 815 alii
532 757 674 816 thoracas
689 756 811 818 ahenos

144 844 206 903 Aut
220 844 305 903 leves
320 857 428 901 ocreas
443 842 524 899 lento
539 840 654 900 ducunt
668 847 813 914 argento:

143 927 286 987 Vomeris
300 925 361 984 huc
375 931 405 984 et
421 924 506 984 lalcis
522 924 631 995 honoS,
647 924 706 984 huc
720 927 824 986 omnis
842 930 947 991 aratri
1054 936 1079 990 a

146 1012 245 1071 Gessit
258 1024 358 1079 amor;
380 1015 550 1082 recoquunt
564 1009 680 1084 patrios
697 1009 887 1072 lomaoibus
903 1030 1010 1076 enses.

146 1095 282 1155 classica
296 1093 417 1166 iamque
431 1100 550 1163 sonant,
566 1092 590 1151 it
602 1092 682 1152 bello
697 1099 820 1153 tessera
835 1096 982 1172 signum.
1075 1102 1078 1115 ²

144 1179 201 1238 Hic
215 1179 334 1253 galeam
347 1176 435 1236 tectis
450 1176 587 1251 trepidus
602 1177 691 1251 rapit,
706 1177 757 1235 ille
772 1178 955 1243 frementes
1076 1174 1081 1243 ’.

144 1263 194 1322 Ad
209 1263 280 1336 iuga
294 1261 375 1335 cogit
388 1275 496 1336 equos,
512 1260 704 1336 clipeumque
717 1275 864 1337 auroque
880 1266 1016 1329 trilicem
1076 1292 1079 1297 ·

145 1346 284 1405 Loricam
297 1344 439 1416 induitur,
455 1344 580 1420 lidoque
595 1345 760 1419 accingitur
773 1360 866 1405 ense.
1054 1358 1081 1433 11Ι

186 1426 311 1489 Pandite
324 1445 405 1489 nunc
419 1428 575 1504 Helicona,
592 1430 678 1502 deae,
694 1436 872 1505 cantusque
888 1446 1024 1510 movete,

145 1513 201 1588 Qui
215 1513 296 1574 bello
312 1514 401 1574 exciti
416 1528 515 1589 reges,
532 1529 611 1587 quae
626 1528 777 1586 quemque
792 1524 934 1578 secutae

144 1598 331 1674 complerint
344 1613 471 1673 campos
486 1598 578 1669 acies,
595 1597 705 1673 quibus
720 1597 794 1656 llala
809 1599 876 1659 iam
891 1608 964 1664 tum

144 1682 385 1744 Florueritterra
400 1684 479 1741 alma
492 1682 576 1755 viris,
594 1681 704 1757 quibus
719 1682 831 1743 arserit
847 1689 968 1749 armis:

144 1768 181 1827 Et
194 1767 373 1827 meministis
390 1767 478 1838 enim,
495 1765 595 1838 divae,
614 1773 644 1825 et
657 1781 830 1825 memorare
845 1775 1006 1846 potesti83
1056 1776 1079 1833 tt'

144 1853 194 1911 Ad
209 1866 267 1911 nos
281 1853 335 1911 vix
349 1852 448 1911 tenuis
463 1852 562 1909 lamae
576 1849 742 1925 perlabitur
756 1866 843 1909 aura.

184 1935 301 1996 Primus
316 1936 370 1996 init
382 1935 495 1994 bellum
508 1935 673 2011 'lyrrhenis
689 1948 781 2009 asper
795 1934 837 1992 ab
855 1939 928 2000 oris

145 2020 319 2081 contemtor
333 2020 437 2079 divum
451 2018 627 2091 Mezentius
643 2018 827 2093 agminaque
846 2034 968 2088 armat.

144 2104 238 2165 Filius
253 2104 324 2164 huic
339 2105 423 2164 iuxta
435 2102 564 2175 Lausus,
582 2118 642 2177 quo
657 2101 813 2177 pulchrior
828 2106 917 2168 alter

144 2190 212 2249 Non
227 2189 282 2248 luit
297 2195 427 2262 excepto
441 2186 600 2247 Laurentis
616 2201 746 2261 corpore
759 2186 873 2260 Turni;
1059 2200 1086 2257 ta

143 2273 273 2345 Lausus,
290 2273 402 2348 equum
417 2271 550 2331 domitor
564 2271 795 2346 debellatorque
810 2272 969 2355 ferarum,

144 2357 232 2416 Ducit
245 2357 391 2432 Agyllina
403 2356 610 2431 nequidquam
626 2373 664 2415 ex
679 2354 754 2414 urbe
769 2365 903 2422 secutos

143 2440 226 2500 Mille
241 2440 334 2513 viros,
350 2440 470 2514 dignus
486 2440 591 2514 patriis
607 2441 659 2514 qui
674 2440 780 2499 laetior
794 2452 886 2504 esset
909 2430 944 2487 θ’

144 2524 292 2598 imparile,
309 2532 339 2584 et
353 2525 401 2583 cui
416 2530 503 2597 pater
517 2524 600 2582 haud
614 2525 782 2583 Mezentius
797 2537 899 2589 esset.
1100 2546 1104 2601 y

186 2607 259 2667 Post
272 2608 330 2667 hos
346 2608 500 2692 insignem⁸
510 2609 612 2681 palma
625 2625 682 2683 per
695 2608 834 2683 gramina
850 2626 990 2679 currum
1065 2624 1092 2680 tt

144 2692 349 2765 Victoresque
366 2697 496 2750 ostentat
510 2706 608 2765 equos
624 2700 708 2752 satos
723 2693 856 2753 Hercule
873 2702 1020 2772 pulchro

143 2775 272 2836 Pulcher
285 2775 464 2848 Aventinus,
480 2775 643 2850 clipeoque
657 2778 776 2851 insigne
790 2784 969 2851 paternum

145 2861 271 2921 centum
285 2875 401 2935 angues
417 2859 607 2935 cinctamque
621 2862 698 2936 gerit
712 2862 917 2935 serpentibus
934 2872 1082 2952 Hydram:

145 2944 237 3006 Collis
251 2944 394 3005 Aventini
410 2944 489 3003 silva
504 2960 595 3020 quem
609 2946 695 3005 Rhea
709 2944 861 3006 sacerdos

144 3029 298 3091 Furtivum
312 3036 400 3104 partu
416 3028 472 3088 suh
488 3030 608 3089 luminis
623 3029 718 3089 edidit
733 3044 815 3099 oras,
1067 3022 1116 3105 gri

143 3114 238 3174 Mixta
252 3115 312 3175 deo
326 3114 442 3184 mulier,
459 3120 621 3191 postquam
635 3113 797 3172 Laurentia
811 3114 922 3180 victor

145 3198 288 3275 Geryone
303 3198 453 3259 exstincto
467 3198 641 3274 Tirynthius
656 3197 751 3271 attigit
766 3212 851 3271 arva,

143 3282 364 3357 Tyrrhenoque
377 3282 475 3342 boves
491 3281 521 3340 in
536 3280 660 3342 flumine
675 3281 748 3340 lavit
761 3280 883 3344 iberas.

143 3365 208 3425 Pila
221 3382 313 3427 manu
327 3381 502 3441 saevosque
516 3373 623 3441 gerunt
638 3366 667 3425 in
681 3364 763 3424 bella
777 3365 931 3451 dolones,

132 3448 179 3513 *Et
194 3451 280 3514 tereti
296 3459 434 3533 pugnant
445 3466 596 3513 mucrone
607 3447 906 3519 uertiqueSabetlo.
1071 3470 1107 3531 gg
