2326 3780
152 181 195 247 at
391 179 457 275 ,a
477 180 639 241 vmeuu
660 179 833 241 menonis

152 340 307 411 Armaque
318 334 578 409 Amyclaeumque
588 349 695 394 canem
707 333 910 409 Cressamque
921 331 1106 408 pharetram,

152 422 219 481 Non
235 434 324 479 secus
339 432 375 479 ac
389 417 496 493 patriis
510 433 582 479 acer
595 418 751 479 Romanus
766 418 796 477 in
811 416 903 477 annis
1056 426 1107 483 346

153 506 268 564 Iniusta
283 501 341 565 sub
356 501 441 561 fasce
454 501 536 562 viam
551 519 642 577 quum
658 502 754 579 carpit
768 509 798 561 et
812 501 893 562 hosti

102 584 105 589 ’
153 593 233 649 Ante
248 592 457 663 exspectatum
471 586 580 661 positis
594 594 655 647 stat
668 588 700 647 in
714 586 834 661 agmine
849 584 968 645 castris.

154 675 194 733 At
208 687 278 745 non,
296 687 357 746 qua
371 669 515 746 Scythiae
528 676 635 747 gentes
649 671 842 747 Maeotiaque
856 669 948 743 unda,

153 756 304 818 Turbidus
319 761 349 813 et
364 761 512 829 torquens
526 753 677 816 flaventes
691 756 768 817 Ister
782 770 901 826 arenas,
1058 757 1106 811 550

156 841 281 915 Quaque
294 838 374 898 redit
386 838 519 897 medium
532 838 685 915 Rhodope
698 846 841 916 porrecta
854 836 911 898 sub
926 851 1028 897 axem.

153 926 217 984 Illic
229 924 335 984 clausa
348 927 452 982 tenent
465 920 592 983 stabulis
607 930 760 995 armenta,-
767 937 869 999 neque
884 921 964 981 ullae

153 1011 216 1071 Aut
229 1006 342 1066 herbae
357 1021 465 1082 campo
480 1014 629 1083 apparent
641 1014 693 1067 aut
707 1006 815 1067 arbore
830 1005 972 1077 frondes3

157 1092 217 1152 Sed
232 1092 310 1150 iacet
324 1088 486 1164 aggeribus
501 1090 599 1150 niveis
614 1091 752 1151 informis
767 1100 797 1151 et
810 1091 871 1150 alto

154 1177 245 1236 Terra
259 1175 328 1249 gelu
343 1174 412 1249 late,
428 1179 609 1250 septemque
622 1176 755 1251 assurgit
768 1176 799 1235 in
813 1175 912 1234 ulnas.
1056 1178 1106 1233 555

155 1259 283 1335 Semper
296 1257 402 1331 hiems,
418 1272 541 1334 semper
555 1258 705 1335 spirantes
721 1260 835 1334 frigora
849 1257 947 1319 Cauri.

154 1344 227 1404 Turn
243 1342 291 1402 sol
304 1342 454 1418 pallentes
468 1341 551 1403 haud
566 1359 708 1419 umquam
723 1343 846 1404 discutit
859 1340 993 1416 umbras,

153 1428 215 1489 Nec
231 1442 324 1501 quum
337 1426 475 1487 invectus
491 1428 579 1503 equis
593 1428 686 1488 altum
699 1428 774 1504 petit
788 1427 920 1499 aethera,
938 1441 998 1487 nec
1013 1442 1105 1501 qutun

153 1511 352 1586 Praecipitem
367 1508 479 1571 Oceani
492 1511 585 1573 rubro
599 1512 674 1573 lavit
687 1527 822 1589 aequore
838 1524 968 1571 currum.

155 1595 359 1655 Concrescunt
373 1594 491 1656 subitae
505 1597 634 1657 currenti
649 1596 680 1658 in
694 1594 819 1657 flumine
833 1600 966 1667 crustae,-
1055 1603 1106 1658 360

153 1680 305 1755 Undaque
318 1680 378 1739 iam
391 1686 476 1757 tergo
492 1680 622 1743 serratos
638 1680 766 1742 sustinet
780 1678 882 1751 orbes,

152 1763 309 1842 Puppibus
324 1764 376 1823 illa
390 1764 483 1840 prius,
499 1765 611 1841 patulis
625 1780 706 1827 nunc
719 1762 844 1841 hospita
857 1762 1019 1841 plaustris;

154 1850 297 1926 Aeraque
312 1848 465 1909 dissiliunt
477 1849 580 1926 vulgo,
596 1856 762 1925 vestesque
775 1848 930 1925 rigescunt

153 1933 287 2006 Indutae‚
303 1933 495 2008 caeduntque
509 1930 668 1993 securibus
682 1930 807 1993 humida
821 1932 902 2005 vina

152 2017 190 2076 Et
204 2024 285 2077 totae
300 2015 431 2076 solidam
444 2014 475 2075 in
488 2015 617 2091 glaciem
630 2022 750 2077 vertere
764 2017 901 2088 lacunae,
1053 2024 1104 2079 365

154 2100 305 2174 stiriaque
320 2098 451 2174 impexis
463 2096 599 2159 induruit
612 2098 736 2160 horrida
749 2099 863 2163 barbis.

152 2185 271 2243 Interea
284 2188 347 2241 toto
362 2197 424 2242 non
438 2180 540 2243 secius
554 2185 625 2243 aere
639 2183 769 2259 ninguit:

152 2268 304 2327 Intereunt
317 2265 462 2341 pecudes,
478 2272 559 2327 stant
572 2267 755 2330 circumfusa
768 2267 886 2345 pruinis

155 2351 291 2426 Corpora
304 2365 414 2422 magna
426 2349 528 2427 houm,
544 2352 743 2428 confertoque
757 2352 877 2426 agmine
891 2351 974 2413 cervi

152 2435 286 2511 Torpent
299 2435 379 2494 mole
393 2449 475 2495 nova
489 2442 520 2496 et
533 2436 658 2499 summis
673 2437 726 2497 vix
740 2436 883 2497 cornibus
899 2442 1030 2497 exstant
1055 2444 1108 2501 370

153 2519 218 2578 Hos
233 2533 293 2577 non
308 2517 453 2579 immissis
469 2518 605 2594 canibus,
621 2536 683 2581 non
694 2519 838 2581 cassibus
852 2520 923 2583 uilis

153 2600 342 2663 Puniceaeve
356 2602 469 2677 agitant
482 2604 615 2679 pavidos
630 2604 792 2665 fornridine
806 2605 933 2681 pinnae3

154 2685 217 2746 Sed
232 2685 344 2746 trustra
358 2686 533 2763 oppositum
548 2688 704 2749 trudentes
719 2695 844 2765 pectore
859 2694 993 2749 montem

155 2769 328 2830 Comminus
344 2768 524 2832 obtruncant
537 2773 627 2847 terro,
642 2773 837 2848 graviterque
850 2774 995 2833 rudentes

155 2854 291 2917 Caedunt
305 2860 335 2912 et
348 2869 458 2929 magno
473 2855 544 2917 laeti
559 2856 691 2918 clamore
705 2864 871 2933 reportant
1055 2865 1108 2923 575

153 2938 216 3014 lpsi
230 2938 261 2997 in
275 2936 410 3000 defossis
425 2939 579 3015 specubus
595 2956 704 3003 secura
718 2940 775 3001 sub
791 2941 852 3003 alta

155 3021 222 3083 Otia
236 3030 329 3100 agunt
341 3029 429 3099 terra,
445 3031 653 3100 congestaque
667 3024 782 3086 robora
793 3032 936 3102 totasque

153 3107 329 3167 Advolvere
344 3105 421 3167 focis
435 3106 534 3170 ulmos
549 3109 673 3186 ignique
688 3109 812 3171 dedere.

153 3190 209 3249 liic
223 3200 343 3253 noctem
356 3190 431 3275 ludo
446 3191 560 3254 ducunt
573 3200 602 3255 et
616 3192 729 3271 pocula
741 3192 812 3255 laeti

153 3271 311 3336 Fermento
327 3282 418 3353 atque
431 3275 529 3337 acidis
543 3276 695 3339 imitantur
707 3276 790 3339 vitea
803 3276 914 3339 sorbis.
1057 3288 1112 3347 38⁰

153 3355 233 3418 Talis
248 3358 448 3436 Hyperboreo
463 3358 588 3438 Septem
601 3362 740 3425 subiecta
753 3362 843 3423 trioni

52 3446 89 3566 ἰ
154 3439 235 3503 Gens
251 3442 477 3507 effrenavirdm
490 3444 630 3523 Rhipaeo
643 3446 779 3511 tunditur
789 3446 880 3521 Euro,
