2326 3780
325 71 328 75 ⁵
359 67 556 180 annuruos
577 119 650 179 mo.
672 119 709 179 11.
949 118 1010 183 115

58 271 264 344 Victoresque
279 269 391 331 cadunt
403 271 510 331 Danai.
540 270 677 332 crudelis
691 273 806 347 ubique

58 355 180 426 Luctus,
196 352 310 429 ubique
323 368 422 429 pavor
434 361 465 414 et
478 355 608 431 plurima
620 357 725 416 mortis
741 356 852 431 imago.

101 438 219 499 Primus
234 453 270 498 se
283 436 430 511 Danadm,
446 454 558 513 magna
572 439 732 499 comitante
747 446 876 514 caterva,
956 442 1012 500 elo

58 523 243 597 Androgeos
258 520 357 582 obtert
370 521 469 596 nobis,
486 521 572 582 socia
585 524 706 597 agmina
721 524 850 583 credens

59 607 187 681 Inscius,
209 611 300 682 atque
313 605 392 666 ultro
409 605 511 666 verbis
526 608 689 682 compellat
704 607 823 667 amicis:

59 691 242 767 „Festinata
264 688 336 749 virit
358 689 432 749 Nam
449 697 603 764 quactum
618 697 835 751 seramoratur

59 773 255 852 „Segnitiest
280 773 340 832 Alii
354 773 477 848 rapiunt
491 775 618 835 incensa
632 775 793 851 teruntque

59 859 240 935 „Porga1na;
262 872 320 918 vos
333 858 424 919 celsis
439 874 520 918 nunc
531 858 660 934 primunt
674 859 832 919 anavibus
843 857 936 919 »Μεθ’
956 861 1011 918 ³75
1030 912 1033 917 ,

57 943 148 1017 Dixit,
164 949 193 1003 et
207 943 485 1017 extemplo-neque
500 944 579 1002 enim
592 957 745 1019 responsa
758 943 908 1003 dabantur

57 1026 133 1087 Fida
148 1025 347 1086 satis-sensit
360 1026 479 1086 medios
495 1027 641 1102 delapsus
656 1027 686 1086 in
701 1026 817 1087 hostes.

60 1110 230 1185 Obstupuit,
244 1116 388 1186 retroque
403 1110 514 1186 pedem
527 1126 596 1170 cum
609 1125 687 1170 voce
699 1111 857 1187 repressit

57 1194 261 1270 Improvisum
274 1193 375 1268 aspris
389 1194 482 1253 veluti
497 1194 548 1269 qui
563 1193 700 1253 sentibus
715 1210 844 1270 anguem

57 1277 171 1337 Pressit
183 1277 266 1336 humi
280 1277 389 1349 nitenS,
404 1278 604 1352 trepidusque
617 1284 742 1352 repente
754 1278 865 1354 refugit
955 1286 1012 1342 38⁰

57 1362 253 1421 Attollentem
267 1359 328 1418 iras
344 1366 374 1418 et
388 1360 510 1419 caerula
524 1359 604 1419 colla
616 1366 796 1430 tumentem3

58 1443 148 1503 Haud
163 1457 253 1503 secus
267 1441 451 1517 Androgeos
465 1442 534 1501 visu
548 1443 740 1502 tremefactus
755 1442 868 1503 abibat.

58 1526 201 1587 irruimus
216 1523 321 1585 densis
336 1532 367 1584 et
379 1525 645 1586 circumfundimur
659 1527 760 1599 amnis,

57 1612 248 1687 Ignarosque
262 1608 322 1668 loci
336 1609 454 1684 passim
468 1616 499 1670 ot
512 1609 672 1669 tormidine
686 1615 794 1685 captos
1087 1660 1091 1667 .

59 1693 242 1757 sternimus:
264 1692 401 1770 adspirat
414 1693 513 1769 primo
528 1694 647 1753 tonuna
661 1694 767 1753 labori.
954 1701 1009 1757 ³85

57 1782 160 1855 Atque
173 1777 224 1838 hic
239 1792 387 1838 successu
401 1778 558 1839 exsultans
573 1777 743 1852 animisque
759 1776 915 1837 coroebus

58 1864 104 1941 „0
120 1862 205 1937 socii,
221 1879 282 1938 qua
295 1861 412 1940 prima“
427 1861 524 1937 inquit
536 1863 678 1938 „fortuna
692 1861 798 1922 salutis

58 1948 229 2024 „Monstrat
242 1947 307 2022 iter,
324 1962 447 2022 quaque
460 1946 595 2007 ostendit
609 1962 644 2006 se
659 1946 776 2021 dextra,
793 1960 965 2020 sequamur.

57 2032 228 2109 „Mutamus
244 2031 369 2108 clipeos,
383 2031 584 2105 Danaumque
597 2030 729 2105 insignia
741 2029 832 2089 nobis

58 2118 235 2193 „Aptemus
262 2115 368 2190 Dolus,
384 2132 422 2174 an
432 2115 537 2188 virtus,
551 2113 620 2190 quis
634 2115 664 2173 in
676 2113 765 2174 hoste
778 2114 933 2188 requireit
952 2117 1009 2174 390

57 2202 172 2278 „Arma
186 2199 301 2259 dabunt
315 2199 405 2275 ipsi.“
434 2197 485 2259 Sic
500 2199 590 2271 latus,
607 2197 720 2258 deinde
735 2204 905 2258 comantem

57 2283 213 2358 Androgei
227 2283 346 2357 galeam
361 2282 511 2358 clipeique
524 2282 644 2358 insigne
659 2282 805 2342 decorum
843 2293 845 2297 ·

56 2367 201 2441 lnduitur,
215 2367 362 2441 laterique
376 2366 524 2441 Argivum
537 2367 750 2426 accommodat
763 2379 877 2424 ensem.
957 2392 960 2397 ·

57 2453 125 2512 Hoc
138 2450 284 2524 Rhipeus,
298 2450 360 2511 hoc
374 2450 443 2524 ipse
456 2451 572 2529 Dymas
587 2451 748 2525 omnisque
763 2448 902 2509 iuventus

57 2536 151 2594 Laeta
165 2533 250 2593 facit:
274 2534 381 2608 spoliis
396 2549 431 2593 se
446 2534 575 2609 quisque
588 2533 761 2594 recentibus
777 2540 880 2592 armat.
952 2536 1007 2593 395

28 2684 31 2689 ,
57 2617 207 2678 Vadimus
222 2617 348 2676 immixti
362 2616 475 2677 Danais
490 2616 573 2677 hand
587 2618 710 2678 nurnine
724 2624 839 2688 nostro,

57 2703 213 2777 Multaque
227 2715 283 2777 per
297 2716 421 2761 caecam
435 2701 592 2776 congressi
607 2701 726 2777 proelia
739 2706 859 2761 noctem

59 2786 262 2860 conserimus,
278 2786 389 2846 multos
403 2785 541 2845 Danaum
556 2784 738 2845 demittimus
754 2783 842 2845 Orco.

57 2870 224 2946 Diffugiunt
237 2869 287 2930 alii
303 2870 463 2942 adnotes,
482 2875 513 2927 et
525 2869 614 2929 litora
627 2885 718 2929 cursu
780 2924 784 2929 .

56 2956 134 3017 Fida
147 2961 269 3031 petunt,
287 2970 361 3029 pars
374 2953 527 3028 ingentem
540 2952 701 3013 formidine
714 2951 793 3026 turpi
953 2955 1008 3010 loo

59 3039 215 3100 Scandunt
227 3053 335 3099 nusus
349 3053 469 3113 equum,
485 3042 516 3096 et
528 3043 602 3098 nota
615 3037 784 3097 conduntur
798 3035 829 3094 in
844 3033 923 3094 alvo.

57 3125 125 3183 Heu
138 3121 213 3181 nihil
225 3121 327 3183 invitis
342 3122 390 3182 ias
406 3136 590 3197 quemquam
603 3120 698 3180 fidere
713 3119 808 3179 divis!

57 3207 138 3268 Ecce
153 3204 327 3265 odiebatur
339 3204 443 3282 passis
456 3204 606 3265 Priameia
619 3204 706 3279 virgo

60 3288 198 3351 Crinibus
212 3304 231 3349 a
243 3289 356 3365 templo
373 3289 546 3350 cassandra
560 3288 723 3365 adytisque
735 3285 910 3359 Mineruae,

57 3376 109 3436 Ad
124 3373 242 3435 coelum
254 3372 382 3436 tendens
397 3372 538 3437 ardentia
549 3374 669 3438 lumina
679 3372 836 3515 basnag*
982 3364 1059 3415 qus·
