2326 3780
102 198 152 253 xil
418 195 726 253 INTRODUGTIO.

101 352 152 405 Ilm
166 350 292 420 dlffirgit,
305 348 407 421 partim
421 348 554 417 Messalla
570 346 691 404 CorvIno
706 354 734 403 et
753 349 784 403 L.
798 347 897 403 Bibulo
913 347 1058 404 suadenti·

101 436 154 490 bus
168 434 290 489 Antonio
306 433 514 504 Octavianoque
529 449 561 487 se
575 432 654 487 dedit
671 428 804 506 [Appiau.
818 432 865 486 IV.
883 429 985 506 136.],
999 431 1058 487 bo-

101 519 192 573 milius
207 517 414 573 Ahenobarbus
429 533 493 571 curu
504 518 595 572 classe
609 532 662 587 per
675 532 753 571 mare
767 523 887 587 vagatus
903 522 952 571 est.
974 516 1060 573 Nova

101 602 310 673 provinciarum
333 600 523 657 distributione
548 601 636 669 lacta,
664 615 720 671 qua
738 600 877 655 Antonius
898 600 1000 655 Gallias
1030 608 1060 655 et

100 686 241 756 Africam,
256 684 425 742 Octavianus
440 684 603 755 Hispaniam
616 690 644 739 et
656 684 815 740 Numidiam
830 685 952 755 accepit,
967 685 1020 746 ille,
1029 685 1059 739 in

101 769 200 825 Asiam
219 772 361 842 proiectus
384 774 442 836 est,
470 774 500 823 ut
518 769 669 838 pecunias,
698 783 769 838 quas
788 769 919 823 militibus
940 769 1058 838 polliciti

102 859 197 923 erant,
218 854 378 924 colligeret,
399 851 568 910 Octavianus
581 853 611 907 in
623 852 730 907 Italiam
751 852 848 920 rediit,¹
869 858 899 907 ut
914 858 1010 907 contra
1025 850 1058 907 S.

100 938 265 1010 Pompeium
285 942 383 1008 ageret
404 942 487 1007 atque
505 952 590 1008 agros
611 937 753 993 veteranis
769 936 891 992 dimissis
906 935 1057 992 divideret.

100 1038 130 1080 v.
143 1021 265 1092 Appiau.
281 1020 317 1076 V.
330 1018 361 1079 3.
376 1025 403 1075 et
416 1020 468 1076 Dio
483 1019 562 1076 Cass.
576 1019 694 1075 XLVIII.
706 1021 734 1081 2.
746 1020 894 1077 Triumviri
911 1020 985 1074 enim
999 1019 1058 1074 iam

100 1122 175 1161 anno
191 1104 262 1164 711.
275 1105 405 1160 militibus
417 1104 573 1160 octodecIm
583 1104 678 1160 ltaliae
689 1106 798 1160 urbium
812 1120 898 1176 agros
912 1104 1058 1160 veteranis

90 1188 271 1255 ‚dividendos
287 1204 474 1260 magnamque
489 1190 638 1260 pecuniam
651 1190 849 1260 promiserant.
888 1206 917 1244 v.
931 1187 1056 1259 Appiau.

100 1270 334 1340 tv.3.etv.22.,
348 1272 400 1329 Dio
413 1272 490 1328 Cass.
500 1272 620 1329 XLVIII.
635 1270 685 1332 30.
699 1279 726 1329 et
740 1272 879 1327 Plutarch.
890 1273 989 1327 Anton.
1004 1268 1056 1332 28.

163 1357 261 1412 Αιιιιο
277 1354 358 1426 713.,
372 1358 402 1412 P.
421 1355 585 1413 Servilio
599 1358 707 1413 Vatia
720 1356 929 1412 Isauricoll.
942 1355 1055 1410 L.An-

101 1442 201 1498 tonio
217 1456 320 1511 coss,
341 1443 388 1497 ubi
403 1440 572 1499 OctavIanus
593 1458 611 1497 a
626 1441 709 1513 gravi
722 1442 821 1497 morbo
841 1441 983 1497 convaluit
996 1438 1055 1494 Ro·

98 1540 231 1596 mamque
245 1541 379 1582 reversus
394 1531 451 1595 est,
465 1542 555 1583 verno
569 1532 697 1597 tempore
712 1540 844 1596 agrorum
859 1524 961 1581 divisio
976 1524 1054 1578 ince-

99 1611 154 1683 pit,
169 1625 261 1680 eaque
276 1627 396 1683 magnae
410 1626 463 1682 per
476 1616 562 1666 totam
575 1611 682 1666 Italiam
695 1611 792 1665 turbae
807 1616 899 1667 motae
911 1614 982 1664 sunt
999 1606 1055 1664 Oc-

98 1694 229 1751 tavianus
244 1694 334 1765 enim,
356 1696 401 1750 cui
421 1695 474 1751 soli
496 1694 552 1750 hoc
566 1711 699 1767 agrorum
713 1693 931 1751 dividendorum
951 1708 1054 1747 munus

98 1779 263 1836 mandatum
278 1785 353 1850 erat,
368 1780 469 1835 milites
486 1780 525 1835 ita
538 1781 567 1835 in
580 1781 665 1834 urbes
680 1777 812 1847 deduxit,
826 1784 856 1833 ut
870 1779 948 1835 cives
963 1778 1053 1831 omnl-

99 1865 153 1920 bus
166 1865 249 1920 bonis
265 1866 411 1935 spoliaret,
426 1880 479 1918 nee
494 1864 584 1918 solum
599 1878 697 1933 agros
700 1867 728 1916 et
741 1820 886 1933 aediIicIa,
901 1861 953 1917 sed
968 1860 1054 1916 etiam

98 1949 212 2003 servitla
227 1952 256 2003 et
269 1963 381 2002 omnem
394 1951 560 2016 apparatum
574 1946 712 2039 reliquum
726 1946 857 2002 militibus
870 1946 1001 2002 traderet
1023 1963 1052 2002 v.

97 2029 149 2089 Dio
164 2029 242 2087 Cass.
256 2029 419 2089 XLVIII6
456 2027 603 2098 Civitates,
627 2044 745 2101 quarum
765 2032 826 2103 agri
847 2029 1053 2097 dividebantur,

97 2118 282 2188 postularamt,
297 2120 327 2169 ut
340 2115 473 2170 universa
486 2114 564 2168 Italia
577 2113 632 2170 hoc
646 2130 717 2170 onus
728 2116 907 2186 participaret
920 2120 967 2168 aut
982 2114 1055 2170 iuter

98 2216 130 2255 se
145 2200 309 2254 sortirentur
324 2198 463 2266 civitates,
478 2203 562 2269 atque
577 2215 710 2271 agrorum
723 2200 844 2272 pretium
856 2201 891 2255 ab
901 2199 1052 2269 Imperato—

98 2285 174 2338 ribus
189 2285 369 2355 repetierunt.
414 2280 537 2349 Quorum
551 2299 652 2354 preces
667 2300 731 2339 cum
747 2283 916 2341 Octavianus
932 2298 987 2336 non
1002 2298 1053 2337 au-

98 2367 179 2435 diret,
194 2368 245 2423 sed
259 2367 390 2423 militibus
403 2359 563 2437 gratificans
576 2368 648 2424 adeo
661 2368 838 2436 concederet,
853 2373 883 2421 ut
895 2367 1054 2423 viciuorum

99 2452 181 2507 etlam
196 2451 316 2522 praedIa
328 2450 497 2507 iun-aderent
517 2459 544 2507 et
558 2454 655 2524 plura,
677 2469 762 2524 quam
777 2467 849 2522 quae
870 2451 904 2505 iis
924 2450 1054 2506 attributa

98 2541 186 2603 erant,
198 2535 236 2590 ad
248 2552 280 2591 se
291 2541 441 2607 raperent;
456 2552 575 2608 magnus
587 2539 721 2592 tumultus*
729 2536 831 2591 exstitit
841 2535 974 2605 civesque
985 2551 1051 2606 pas-

97 2620 151 2674 sim
165 2620 281 2675 militum
295 2620 411 2676 iniurias
432 2637 573 2676 armorum
592 2622 621 2677 vi
636 2622 774 2693 repellere
795 2620 887 2674 conati
908 2623 980 2675 sunt.
1023 2636 1053 2676 v.

97 2702 149 2758 Dio
167 2702 277 2760 Cassi.
296 2720 336 2774 a,
357 2705 480 2776 Appiau.
494 2706 529 2760 V.
546 2704 596 2765 12.
612 2721 653 2774 sq.
674 2704 786 2760 Interim
800 2704 914 2773 Fulvia,
935 2702 972 2757 M.
993 2704 1053 2757 Αιι-

96 2788 165 2843 tonii
179 2804 266 2857 uxor,
282 2796 309 2845 et
322 2790 352 2844 L.
369 2789 475 2846 Caesar
486 2791 585 2844 consul
596 2805 660 2843 cum
671 2788 780 2856 Manio,
796 2787 843 2858 qui
857 2788 981 2842 absentis
992 2788 1051 2841 Αιι-

96 2872 166 2927 lonii
179 2888 227 2927 res
240 2877 423 2945 procurabat,
437 2874 479 2928 rei
491 2871 687 2944 expediendae
699 2870 888 2927 difficultatem
901 2873 1053 2941 turbasque

98 2963 244 3013 auxerunt.
285 2958 442 3015 Metuentes
457 2958 547 3024 enlm,
568 2972 604 3011 no
619 2954 788 3011 Octavianus
803 2957 856 3011 sibi
870 2957 923 3010 soli
937 2956 1054 3011 militum

97 3041 217 3111 gratiam
236 3049 350 3114 pararet
368 3040 577 3111 Antoniumque
598 3041 697 3096 lavore
712 3055 809 3095 eorum
823 3038 966 3095 fraudaret
972 3040 1053 3111 ,pri-
1102 3072 1107 3081 ι

96 3139 173 3179 mum
187 3128 413 3197 postulaverant,
435 3130 465 3179 ut
486 3124 659 3179 coloniarum
674 3123 831 3179 deductio'
824 3139 854 3178 m
872 3122 987 3179 Antonii
1001 3123 1053 3179 ad-

96 3215 213 3265 ventum
227 3210 396 3267 dlilerretur.
440 3206 523 3275 Quod
537 3222 602 3263 cum
615 3223 673 3262 non
686 3208 858 3279 permitteret
870 3207 1008 3263 militum'
1001 3225 1052 3263 rm-

97 3292 246 3364 patientia,
268 3295 367 3350 iterum
380 3290 575 3364 postulabant,
595 3297 626 3346 ut
640 3291 808 3349 Octavianus
822 3292 997 3348 Antonianas
1011 3293 1051 3348 le-

97 3374 198 3443 giones
213 3376 311 3433 amicis
324 3376 437 3431 Antonii
452 3374 636 3431 deducendas
649 3376 783 3432 traderet.
811 3394 839 3432 v.
855 3376 1011 3447 Appiani
1026 3392 1052 3431 o.

97 3470 159 3526 cap.
176 3456 227 3519 14.
250 3474 312 3530 sqq.
335 3459 505 3541 Octavianus
526 3476 590 3516 eam
611 3460 741 3517 iniuriam
761 3476 848 3532 aegre
868 3460 944 3531 tulit,
969 3466 1053 3531 atque
