2326 3780
350 105 580 174 oxouotcolt,
594 106 668 169 LlB.
688 107 738 173 ΙΙΙ.
973 105 1017 171 56

10 292 14 301 ·
65 266 184 337 Cetera,
202 277 281 337 quac
296 276 411 323 vacuas
424 260 593 323 tenuissent
607 259 739 319 carmine
752 252 878 335 mentes,

68 348 176 410 Omnia
189 348 249 406 iam
263 346 394 421 vulgata.
424 344 496 420 Quis
511 350 562 405 aut
574 344 747 422 Eurysthea
762 344 877 420 durum,

66 434 128 492 Aut
142 431 278 493 illaudati
292 431 389 490 nescit
401 428 552 489 Busiridis
568 435 658 487 aras?
998 442 1016 493 5

66 518 121 577 Cui
135 532 196 576 non
212 516 310 576 dictus
323 515 420 590 Hylas
436 529 520 588 puer,
537 520 567 572 et
580 512 706 573 Latonia
719 511 822 584 Delos,

65 599 329 676 Hippodameque
343 598 532 693 humeroque
544 596 678 672 Pelops
669 595 797 670 insignis
813 595 936 671 eburno,

65 686 148 743 Acer
161 683 269 758 equist
290 682 445 743 Tentanda
457 683 508 742 vta
522 687 578 754 est,
595 697 655 756 qua
668 695 717 740 mc
733 696 856 754 quoque
869 681 985 756 possim
1106 724 1111 735 .

66 769 185 828 Tollere
200 768 300 842 humo,
315 767 475 843 victorque
487 766 586 827 virdm
599 765 727 825 volitare
740 780 797 839 per
812 779 874 824 ora.

64 851 180 913 Primus
196 868 253 928 ego
268 854 299 913 in
312 852 441 928 patriam
454 866 580 923 mecum,
601 850 694 910 modo
710 848 772 908 vita
787 848 928 924 supersit,
980 857 1015 912 10
1136 914 1140 921 ,

14 970 18 975 ,
63 938 164 997 Aonio
179 937 302 998 rediens
318 937 466 996 deducam
481 934 595 994 vertice
608 934 730 1015 Musas;
748 1006 751 1011 ,

61 1021 178 1082 Primus
193 1021 353 1081 idumaeas
367 1021 497 1079 referam
510 1018 572 1093 tibi,
586 1018 719 1093 Mantus,
734 1017 861 1093 palmas,

60 1105 99 1165 Et
111 1105 202 1164 viridi
216 1106 248 1164 in
264 1120 372 1180 campo
386 1106 530 1179 templum
545 1103 584 1162 dc
598 1117 748 1164 marmore
762 1117 873 1178 penam

60 1188 189 1264 Propter
203 1205 324 1265 aquam,
338 1189 434 1247 tardis
449 1189 557 1261 ingens
572 1186 623 1246 ubi
638 1186 769 1247 flexibus
784 1192 865 1246 erret

60 1272 191 1331 Mincius
207 1278 237 1331 ct
249 1279 355 1330 tenera
368 1271 517 1345 praetexit
531 1270 679 1330 arundine
692 1271 787 1345 ripas.
980 1280 1013 1333 tt

62 1356 97 1412 ln
111 1354 213 1413 medio
228 1354 301 1415 mihi
317 1353 429 1413 Caesar
443 1353 499 1412 erit
511 1353 719 1427 templumque
731 1351 858 1413 tenebit=
887 1421 888 1425 Ἰ
965 1400 969 1411 ,

63 1437 109 1495 llli
123 1439 221 1494 vietor
234 1451 292 1510 ego
308 1442 339 1494 et
352 1436 442 1512 Tyrio
459 1442 642 1509 conspectus
657 1436 688 1497 in
703 1442 786 1496 ostro

63 1521 190 1580 Centmn
205 1518 402 1592 quadriiugos
417 1517 537 1592 agitabo
553 1518 594 1577 ad
607 1517 733 1577 flumina
746 1534 860 1579 currus.

62 1604 179 1662 Cuncta
192 1602 274 1676 mihi,
288 1602 439 1676 Alphcmn
453 1601 594 1675 linquens
609 1600 757 1676 lucosque
770 1601 927 1677 Molorchi,

63 1687 209 1747 Cursibus
225 1692 255 1746 et
271 1685 366 1746 crudo
382 1685 525 1745 decernet
539 1683 666 1744 Graecia
681 1692 802 1754 caestus
978 1694 1015 1748 to

61 1773 142 1847 Ipse,
158 1778 248 1847 caput
261 1777 369 1830 tonsae
383 1769 464 1830 loliis
480 1768 726 1841 ornatusolivae,

61 1856 151 1916 Dona
164 1856 268 1915 teram.
296 1856 364 1914 lam
374 1868 454 1914 nunc
469 1854 623 1914 solemnes
639 1853 751 1914 ducere
765 1864 896 1928 pompas

60 1941 114 2000 Ad
128 1940 255 2000 delubra
268 1939 360 2014 iuvat,
376 1953 549 2012 caesosque
562 1938 668 1997 videre
682 1936 845 2007 iuvencos;

59 2025 120 2099 Vel
135 2040 230 2086 scena
242 2031 276 2084 ut
287 2023 388 2082 versis
404 2023 544 2083 discedat
557 2021 716 2093 frontibus,
731 2027 825 2097 utque

58 2109 214 2185 Purpurea
229 2108 333 2167 intexti
346 2108 453 2166 tollant
467 2107 574 2166 aulaea
586 2105 731 2166 Britanni.
925 2154 928 2161 .
977 2114 1012 2169 at

59 2193 94 2251 In
109 2192 227 2253 loribus
241 2207 378 2268 pugnam
392 2206 432 2250 cx
446 2206 520 2250 auro
535 2190 699 2264 solidoque
713 2189 874 2266 elephanto

61 2276 268 2350 Gangaridum
281 2275 400 2348 faciam,
414 2273 601 2350 victorisque
616 2290 700 2333 arma
714 2274 836 2348 Quirini,

60 2361 164 2432 Atque
177 2359 227 2418 hic
241 2359 406 2418 undantem
419 2357 500 2418 bello
515 2372 719 2433 magnumque
733 2356 875 2419 fluentem

60 2440 169 2515 Nilum,
185 2457 222 2500 ac
235 2443 336 2502 navali
350 2448 509 2517 surgentes
524 2457 596 2502 aere
610 2443 778 2503 columnas.

13 2541 16 2553 ’
60 2525 184 2605 Addam
197 2525 288 2585 urbes
302 2526 397 2585 Asiae
411 2526 549 2601 domitas,
565 2528 749 2602 pulsumque
761 2526 920 2603 Niphaten,
976 2535 1013 2589 so

59 2608 281 2684 Fidentemque
294 2609 366 2684 luga
379 2609 520 2670 Parthum
533 2611 694 2685 versisque
709 2611 835 2686 sagittis,

59 2693 98 2753 Et
113 2693 173 2753 duo
187 2699 276 2768 rapta
290 2710 381 2753 manu
395 2693 519 2754 diverse
535 2710 574 2753 ex
587 2694 677 2755 hoste
690 2702 825 2770 tropaea,
882 2726 885 2733 ·

60 2778 175 2853 Bisque
189 2777 389 2854 triumphatas
403 2783 533 2854 utroque
547 2778 586 2838 ab
600 2779 689 2840 litore
703 2784 819 2854 gentes.
863 2790 867 2797 '

59 2861 189 2922 Stabunt
204 2868 233 2922 ct
245 2861 324 2922 Parii
338 2862 468 2939 lapides,
484 2862 630 2938 spirantia
643 2863 740 2939 signa,

59 2946 207 3007 Assaraci
222 2949 335 3024 proles,
351 2946 566 3021 demissaeque
580 2947 619 3006 ab
631 2948 707 3008 iove
720 2945 819 3021 gentis
976 2950 1010 3007 3⁵

57 3030 196 3106 Nomine,
209 3030 348 3107 Trosque
362 3045 474 3106 parens
490 3036 520 3090 et
530 3031 640 3091 Troiae
653 3030 800 3108 cynthius
815 3034 930 3089 auctor.

57 3114 179 3176 Invidia
192 3113 298 3175 infelix
310 3115 419 3175 Furias
434 3130 616 3191 amnemque
631 3130 773 3176 severum

60 3199 167 3277 Cocyti
181 3205 301 3273 metuet,
318 3206 478 3277 tortosque
491 3200 607 3261 Ixionis
622 3215 738 3275 angues

57 3281 285 3359 immanemque
298 3290 405 3359 rotam,
423 3290 454 3344 et
466 3301 528 3346 non
542 3283 758 3360 exsuperabile
765 3296 891 3344 saxum.

58 3362 179 3427 Interea
190 3364 349 3444 Dryadum
364 3369 632 3443 silvassutmsque
648 3380 811 3445 sequamur
982 3373 1025 3428 oo
