2326 3780
446 104 757 196 rnrnoouorro.
993 133 1084 193 xxix

122 297 249 366 suspeett
265 309 294 362 p·
303 287 353 351 57.
366 298 393 347 et
406 291 440 348 de
452 290 484 347 L.
502 290 582 348 Varii
591 298 617 347 et
628 290 716 348 Cassii
731 293 786 347 vito
798 306 826 362 p.
834 291 883 351 69.
896 307 937 363 sq.
950 297 978 347 et
988 292 1080 363 Heyn.

123 380 162 435 cd
171 379 272 434 Donet
286 373 335 437 52.
347 391 409 447 sqq.

184 460 318 531 Virgilius
330 460 453 515 carmine
464 475 516 514 sua
528 475 580 530 pro
592 459 732 514 communi
741 459 925 531 plurimorum
934 463 1083 532 poetarum

122 546 284 603 Latinorum
300 560 354 598 usu
368 560 402 622 ac
420 560 498 599 more
514 545 553 612 [v.
568 542 692 599 Maerob.
704 541 819 598 Satura.
831 542 878 598 VI.
892 540 985 618 1.].ad
996 544 1082 598 Grae·

124 645 223 685 corum
244 629 372 698 exempla
393 628 430 684 ite
455 627 627 699 composuit,
654 632 684 681 ut
704 642 761 681 non
778 627 870 681 solum
887 633 1082 699 argumentum

126 713 234 782 (ideam
254 713 430 782 generalem)
452 711 505 766 sed
527 711 610 766 etiam
630 726 762 782 magnam
779 711 1082 766 materiaesententia·

125 812 242 867 rumque
258 801 367 866 partem
382 796 485 850 abillis
500 799 637 863 sumeret,
660 795 789 864 adeoque
800 794 947 865 aliquoties
957 795 1082 866 integros

123 897 224 938 versus
238 879 348 935 illorum
360 882 389 934 in
399 896 480 935 suum
492 895 574 933 usum
585 883 770 935 converteret.
807 875 867 934 Sed
877 883 983 934 tantum
994 879 1082 945 abest,

124 969 152 1019 ut
172 965 201 1020 in
222 962 276 1019 hae
296 964 449 1019 imitatione
472 981 504 1035 se
528 963 608 1033 quasi
628 963 657 1017 in
671 963 834 1020 servitutem
846 961 1017 1018 Graecorum
1031 961 1082 1018 ad-

122 1048 239 1115 dixerit,
252 1053 281 1102 ut
292 1048 364 1102 inter
373 1053 473 1119 poetas
484 1045 626 1103 Romanos
637 1048 744 1119 primus
756 1046 851 1117 suerit,
866 1047 913 1117 qui
923 1046 1081 1101 liberiorem

121 1133 344 1202 limatioremque
362 1131 487 1186 imitandi
504 1147 585 1186 usum
603 1146 637 1186 ae
653 1132 769 1186 modum
786 1128 940 1185 induceret
961 1148 989 1185 v.
1001 1128 1081 1183 Iahn.

120 1217 306 1272 introductio
319 1214 392 1271 Om‘d.
405 1215 515 1271 Metam.
527 1214 628 1287 p.12.,
648 1215 759 1271 Ernesti
776 1214 807 1269 in
819 1214 894 1269 Actis
906 1213 1007 1270 Semta.
1023 1227 1081 1284 req.

121 1299 198 1371 Lips.
213 1298 279 1354 Vol.
299 1299 331 1353 ll.
347 1316 375 1370 p.
382 1299 432 1359 69.
450 1315 525 1370 sqq.‚
549 1305 575 1354 et
590 1298 829 1355 Additameatad
847 1296 960 1355 Sutzert’
980 1296 1081 1354 Theer.

123 1388 188 1437 ortt
203 1382 268 1437 Vol.
282 1382 342 1436 VH.
360 1382 468 1453 p298.
485 1399 547 1453 sqq.
581 1383 691 1438 Etenim
713 1383 820 1437 Graeco
843 1386 1009 1453 argumento
1025 1395 1083 1436 non

123 1465 210 1518 modo
230 1463 374 1518 Romanos
398 1481 491 1519 mores
516 1469 544 1518 et
568 1465 689 1519 instituta
714 1465 816 1536 ubique
836 1465 1008 1536 intertexuit,
1030 1463 1083 1521 sed

126 1561 239 1601 omnem
249 1546 394 1601 materiam
403 1552 548 1618 tantopere
559 1547 596 1602 ad
606 1546 797 1603 Romanorum
808 1548 946 1603 sentiendi
957 1549 1083 1620 cogitan-

126 1629 212 1698 dique
232 1644 314 1682 usum
335 1629 531 1699 conformavit,
552 1634 582 1682 ut
602 1630 767 1701 plerumque
785 1647 855 1686 vere
876 1630 1003 1687 Romana
1018 1648 1082 1686 esse

125 1712 265 1770 videatur.
287 1728 317 1767 v.
328 1711 350 1766 1.
361 1711 394 1766 Η.
405 1713 488 1767 Laur.
499 1711 612 1768 Lersch.
623 1713 732 1768 dissert
748 1714 783 1768 de
801 1728 909 1769 morum
928 1717 959 1769 in
980 1714 1085 1784 Virque·

125 1797 245 1853 Aeneide
261 1795 367 1864 totta,
388 1795 505 1851 Bonnae
517 1793 609 1856 1886.
620 1796 650 1850 in
660 1794 690 1856 8.
705 1796 789 1851 edita.
803 1795 842 1852 Cl.
858 1796 941 1852 Henr.
952 1796 1082 1867 Toepfer.

131 1879 226 1950 Virqit
240 1879 414 1951 Geoqrepdia
430 1882 460 1935 in
470 1880 538 1935 Aen.
549 1895 634 1951 opere
647 1879 769 1936 exhibita
779 1880 864 1937 Partt.
875 1880 985 1935 L—lV.
998 1879 1084 1948 [Arn-

125 1963 207 2019 stadii
220 1958 418 2033 1828.-34.]
431 1968 460 2018 et
475 1963 640 2019 Maltebruu.
651 1963 744 2021 ΛΜΗ.
757 1964 807 2021 det
822 1962 948 2039 Voyapea
960 1963 1023 2018 Vol.
1035 1963 1081 2019 lll.

123 2063 152 2118 p·
164 2045 234 2107 239.
246 2063 307 2118 sqq.
337 2047 497 2102 Nee·minus
507 2048 535 2102 in
546 2048 672 2103 oratione
682 2046 831 2105 formanda
840 2046 879 2105 tta
889 2053 1018 2105 versatus
1031 2054 1081 2117 est,

124 2135 154 2185 ut
172 2146 235 2184 eam
251 2146 319 2185 sane
336 2125 438 2200 ubique
455 2131 491 2185 ad
502 2130 632 2189 ,Graecae
643 2131 710 2186 artis
726 2137 880 2203 praecepta
890 2136 1082 2203 componeret,

124 2213 178 2269 sed
191 2213 310 2268 Romani
326 2213 463 2269 sermonis
481 2214 624 2285 ingenium
642 2215 784 2285 sapienter
802 2232 836 2271 ac
854 2214 1001 2287 diligenter
1020 2231 1081 2272 ser·

124 2302 215 2354 varet.
238 2294 278 2352 Cf.
290 2296 392 2351 Gellius
403 2296 449 2351 lX.
463 2295 493 2356 9.
529 2297 700 2353 Graecorum
714 2298 789 2354 enim
803 2300 959 2371 elegantiae
973 2299 1082 2370 magni·

125 2381 295 2452 loquentiam
309 2381 538 2451 maiestatemque
553 2379 744 2437 Romanorum
759 2381 879 2453 addidit,
898 2389 930 2439 et
943 2383 967 2453 si
982 2382 1093 2439 Graeci-

106 2531 109 2535 *
124 2470 227 2537 poetae
242 2465 337 2521 nativa
353 2465 476 2535 quadam
493 2465 797 2536 simplicitateplacent
812 2471 894 2536 atque
913 2468 1082 2538 elegantiam

127 2549 208 2621 quasi
226 2564 243 2603 a
259 2553 358 2603 natura
373 2548 525 2619 ingenitam
533 2548 669 2621 produnt,
688 2547 822 2621 Virgilius
838 2554 878 2619 et,
899 2551 947 2620 qui
961 2550 1081 2607 eandem

126 2634 298 2690 Graecorum
316 2631 512 2687 imitandorum
523 2632 659 2689 rationem
670 2637 790 2689 sectatus
803 2638 858 2702 est,
879 2633 1008 2690 Horatius
1020 2650 1080 2689 ser-

125 2733 239 2773 monem
265 2720 324 2771 arte
343 2715 460 2787 politum
480 2714 594 2787 habeut,
623 2721 707 2789 atque
728 2716 895 2785 artificiosae
916 2718 1080 2789 granditatis

127 2799 355 2870 sublimitatisque
366 2798 479 2854 laudem
490 2805 659 2856 meruerunt
691 2799 731 2856 Cr.
744 2801 764 2857 L
776 2800 808 2857 G.
821 2800 946 2857 Froschii
961 2801 1080 2871 dissert,

128 2877 184 2954 qua
211 2882 351 2956 Virqilium
372 2887 510 2939 oratorem
525 2884 664 2954 produxit
682 2883 903 2957 [witembergae
920 2880 1011 2943 1703.
1027 2879 1080 2958 4.],

129 2965 160 3023 C.
169 2966 200 3021 G.
221 2967 375 3023 Franckius
387 2964 548 3023 deMerone
558 2970 733 3027 scientrsm‘me
743 2969 922 3026 attollitudtm'e
932 2968 1080 3025 architecto

128 3050 366 3118 [Fridericostadii
386 3049 478 3109 1776.
493 3046 549 3125 4.],
572 3058 599 3107 et
609 3052 719 3109 dissert.
731 3052 829 3121 acad,
850 3051 895 3107 cui
911 3051 1003 3107 titulus
1023 3058 1078 3108 est:

126 3134 304 3192 Philomelam
313 3135 347 3190 P.
366 3134 472 3205 Virpilii
479 3132 555 3189 Mor.
567 3137 652 3208 quod,
673 3139 728 3191 tom
739 3139 885 3206 moestam,
901 3136 1009 3193 incaute
1019 3144 1079 3193 tur-

126 3219 175 3272 bet
192 3218 226 3272 P.
248 3219 283 3273 D.
303 3217 432 3287 Hostius,
459 3221 593 3274 notatione
614 3222 703 3292 eptam
723 3222 778 3276 tent
796 3219 1080 3292 onmmdwra'oaeque

126 3302 266 3372 amputant
284 3300 309 3355 I.
331 3301 369 3357 H.
390 3301 583 3375 Kromeyerus
603 3308 630 3359 et
650 3302 697 3360 ea
725 3303 768 3363 W.
789 3300 959 3361 Maecena
984 3304 1079 3371 [lenae

129 3380 221 3445 1725.
234 3379 274 3452 4.]
288 3383 372 3457 pto.
384 3401 445 3457 sqq.
480 3383 610 3443 Ceterum
625 3393 743 3461 uterque
758 3392 844 3462 poeta
854 3402 1013 3444 sermonem
1023 3391 1081 3443 tam
