2326 3780
152 207 217 274 184
428 209 461 268 Ρ.
482 208 644 270 VlRGlLll
664 206 839 270 MARONIS

150 362 266 437 „Quem
280 361 370 437 iugIs,
385 367 437 421 aut
452 363 520 437 quis
536 369 565 421 te
579 361 692 420 nostris
707 360 923 436 complexibus
940 368 1075 424 arcett‘

150 446 235 505 Haec
250 461 424 506 memorans
441 447 573 505 cinerem
588 451 618 504 et
633 444 752 520 sopitos
769 445 895 505 suscitat
911 447 1020 524 ignes,

149 529 410 605 Pergameumque
423 530 532 589 Larem
547 536 576 589 et
592 544 686 588 canae
701 530 871 604 penetralia
884 530 1012 594 Vestae

36 674 41 685 ,
149 613 243 673 Fame
257 615 308 690 pio
326 620 355 673 et
369 617 462 690 plena
476 615 608 690 supplex
624 620 784 672 veneratur
797 628 916 673 acerra.
1074 624 1123 682 tto

192 698 353 773 Extemplo
369 699 473 757 socios
487 700 678 774 primumque
692 698 823 756 arcessit
837 699 991 774 Acesten,
1025 717 1034 729 ’

148 781 186 842 Et
199 782 282 842 Iovis
297 782 457 857 imperium
472 789 502 841 et
517 783 578 842 cari
593 788 760 857 praecepta
773 782 908 857 parentis

148 864 274 941 Edoeet,
290 874 320 926 et
336 881 414 941 quae
428 867 624 925 nunc-animo
640 866 791 925 sententia
805 872 936 926 constet.

149 950 239 1009 Haud
253 966 340 1010 mora
354 949 500 1023 consiliis,
516 966 573 1009 nco
587 950 675 1009 iussa
687 957 810 1009 recusat
822 952 969 1011 Acestes.

148 1033 384 1101 Transseribunt
397 1033 464 1093 urbi
478 1041 598 1107 matres,
615 1034 824 1109 populumque
838 1035 1002 1096 volentem
1073 1048 1123 1104 750

148 1114 321 1192 Deponunt,
338 1118 457 1176 animos
474 1117 515 1176 nil
529 1132 658 1192 magnae
672 1118 773 1178 laudis
788 1125 925 1193 egentes.

149 1201 213 1276 Ipsi
228 1208 360 1260 transtra
374 1208 497 1274 novant,
512 1200 706 1277 flammisque
720 1202 847 1262 ambesa
860 1214 1026 1277 reponunt

148 1284 273 1344 Robora
287 1284 425 1359 navigiis,
441 1291 547 1361 aptant
560 1302 727 1362 remosque
740 1287 961 1360 rudentesque‚

147 1368 257 1444 Engui
271 1384 407 1441 numero,
422 1369 481 1429 sed
495 1368 577 1429 bello
592 1371 697 1430 vivida
711 1372 816 1431 vlrtus.

148 1453 267 1512 Interea
281 1456 404 1513 Aeneas
418 1453 526 1514 urbem
541 1456 681 1530 designat
695 1462 804 1530 aratro,
1071 1468 1121 1523 755

149 1536 339 1613 sortiturque
354 1538 480 1610 dom0s;
502 1538 563 1599 hoe
577 1540 662 1598 Ilium
678 1545 708 1598 et
721 1540 799 1598 haec
815 1539 884 1597 loca
897 1538 1030 1601 Troiam

147 1621 226 1681 Esse
240 1621 331 1683 iubet.
368 1623 486 1683 Gaudet
498 1638 594 1698 regno
607 1625 756 1683 Troianus
770 1625 911 1696 Acestes,

147 1704 318 1781 Indlcitque
332 1707 431 1766 iorum
446 1714 475 1766 et
489 1707 626 1783 patribus
642 1709 694 1766 dat
708 1708 774 1766 iura
789 1706 916 1767 vocatis.

147 1790 221 1850 Tum
235 1791 337 1850 vicina
352 1792 441 1850 astris
455 1791 588 1867 Erycino
604 1793 634 1850 in
649 1792 764 1851 vertice
778 1793 870 1851 sedes

148 1874 303 1934 Fundatur
317 1875 430 1934 Veneri
444 1876 567 1948 Idaliae,
583 1877 763 1950 tumuloque
779 1875 928 1935 sacerdos
1070 1889 1121 1945 76⁰

147 1961 193 2019 Ac
207 1960 294 2020 lucus
310 1960 371 2019 late
385 1976 474 2019 sacer
488 1960 609 2019 additur
623 1959 790 2020 Anchiseo.

147 2044 271 2120 lamque
286 2044 353 2103 dies
369 2045 491 2119 epulata
505 2059 615 2103 novem
632 2061 708 2119 gens
725 2045 834 2118 omnis,
850 2043 957 2102 eteris

145 2125 255 2188 Factus
270 2128 387 2198 honos;
409 2127 522 2203 placidi
538 2135 709 2188 straverunt
723 2143 860 2202 aequora
875 2128 970 2200 venti,

147 2211 260 2272 Creber
274 2219 304 2272 et
318 2212 482 2288 adspirans
499 2228 608 2273 rursus
622 2220 714 2272 vocat
727 2221 840 2272 Auster
854 2212 883 2269 in
899 2211 1011 2275 altum.

144 2294 288 2357 Exoritur
302 2312 457 2373 procurva
472 2296 580 2371 ingens
594 2312 651 2373 per
664 2298 753 2356 litora
767 2296 867 2366 fletus
1068 2310 1119 2365 7⁶5

147 2378 305 2454 Complexl
322 2381 400 2440 inter
414 2397 449 2440 se
463 2388 647 2457 noctemque
662 2382 805 2456 diemque
817 2386 988 2439 morantur.

146 2462 238 2537 Ipsae
252 2464 313 2522 iam
327 2466 450 2539 matres,
466 2465 536 2540 ipsi,
554 2465 664 2540 quibus
680 2481 793 2540 aspera
807 2462 976 2540 quondam.

145 2545 224 2606 Visa
237 2547 329 2607 maris
346 2548 441 2608 lacIcs
457 2555 487 2608 et
501 2564 563 2608 non
577 2548 735 2609 tolerabile
750 2564 870 2620 nomen,

145 2630 194 2689 Ire
207 2631 314 2690 volunt
329 2648 511 2707 omnemque
526 2633 616 2707 fugae
631 2635 767 2708 perterre
781 2632 928 2692 laborem.

147 2713 230 2787 Quos
244 2714 345 2775 bonus
358 2717 482 2776 Aeneas
498 2717 587 2776 dictis
603 2719 719 2777 solatur
733 2718 849 2790 amicIs,
1068 2732 1122 2790 πο

144 2798 183 2858 Et
197 2800 426 2875 consanguineo
442 2800 604 2860 lacrimans
620 2803 813 2861 commendat
826 2805 973 2861 Acestae.

145 2882 219 2944 Tres
233 2882 326 2960 Eryci
341 2884 462 2959 vitulos,
478 2890 508 2944 et
520 2885 765 2960 Tempestatibus
780 2900 890 2960 agnam

146 2966 282 3029 Caedere
296 2968 408 3030 deinde
423 2968 515 3043 iubet
531 2970 672 3044 solvique
686 2986 726 3030 ex
742 2971 850 3030 ordine
864 2970 980 3035 lunem.

144 3049 227 3129 Ipse,
242 3060 335 3129 caput
347 3060 456 3115 tonsae
471 3054 553 3114 loliis
569 3054 708 3115 evinctus
723 3055 833 3126 olivae,

146 3134 237 3197 Stans
251 3138 359 3214 procul
373 3138 404 3199 in
418 3154 511 3216 prora
526 3146 662 3215 pataram
676 3146 766 3212 tenet,
782 3145 914 3212 extaque
929 3140 1045 3209 salsos
1067 3156 1121 3213 ἠις

144 3216 273 3282 Porrieit
286 3222 316 3281 in
331 3221 452 3296 fluctus,
469 3239 506 3283 ae
519 3223 592 3283 vina
605 3223 751 3299 liquentia
765 3221 873 3282 fundit.

143 3301 343 3381 Prosequitur
356 3322 486 3382 surgens
502 3324 520 3366 a
535 3308 632 3383 puppi
647 3314 757 3367 ventus
772 3314 895 3373 euntem

143 3386 286 3452 Certatim
302 3390 381 3454 socii
394 3392 506 3456 feriunt
517 3406 602 3451 mare
615 3398 647 3450 et
660 3407 796 3465 aequora
810 3397 945 3450 verrunt.

68 3524 102 3570 ι
147 3528 152 3545 .
174 3477 218 3542 At
234 3478 353 3543 Venus·
363 3478 486 3545 Interea
496 3477 678 3555 Neptunum
690 3473 828 3532 exercita
838 3471 923 3527 curis
