2326 3780
193 180 258 251 282
470 187 501 246 P.
523 184 689 247 vlnoltll
714 186 919 255 MARONIS

192 340 308 415 „Nunc
325 354 343 398 o
358 339 437 399 lecta
450 355 568 411 manus,
583 337 697 398 validis
713 340 908 409 incumbite
922 351 1025 421 remim

190 424 328 501 „Tolh'tq
344 424 419 484 lerte
433 431 532 494 rates,
555 421 710 482 inimicam
726 425 854 491 findite
870 434 985 495 rostris
1082 434 1096 486 i

192 508 299 585 „Hanc
314 516 432 581 terram,
449 509 630 582 sulcumque
645 506 705 565 sibi
721 522 863 584 premat
877 517 955 595 ipsa
968 520 1062 579 carina!

190 592 366 668 „Frangere
381 608 439 651 nec
452 592 505 651 tali
519 590 646 666 puppim
662 593 811 657 statione
827 616 963 675 recuso,

191 678 344 751 „Arrepto
358 677 464 735 tellure
479 676 605 737 semel.“
634 672 720 747 Quae
736 681 823 741 talia
837 694 1014 762 postquam

190 759 309 819 Effatus
323 760 471 834 Tarchon,
487 759 564 819 socii
579 774 777 834 consurgere
794 770 919 844 torisia,

192 842 439 919 Spumantcsque
452 852 533 904 rates
547 843 630 902 arvis
644 843 765 905 inferre
780 850 926 927 Latinio,
1088 854 1101 908 i

191 927 298 987 Donec
311 936 412 989 rostra
426 934 530 987 tenent
544 928 668 987 siccum.
696 928 737 988 Et
752 934 884 996 sedere
900 941 1024 999 carinae
1103 975 1107 994 2

192 1009 305 1071 Omnes
319 1012 485 1081 innocuae,
508 1013 565 1071 sed
579 1027 641 1070 non
654 1014 778 1087 puppis
796 1023 866 1092 tua,
884 1024 1037 1085 Tarchon.
1102 999 1109 1078 i

190 1094 328 1170 Namque
342 1094 458 1155 inflicta
470 1097 559 1155 vadis
575 1097 669 1154 dorso
684 1096 763 1157 dum
780 1106 916 1175 pendet
931 1109 1041 1185 iniquo,
1103 1081 1110 1152 i

191 1179 316 1253 Anceps
332 1186 500 1238 sustentata
514 1181 574 1253 diu,
589 1178 768 1254 fluctusque
785 1184 929 1263 latigat;

192 1261 327 1320 Solvitur
341 1269 431 1336 atque
445 1263 529 1323 viros
544 1263 653 1322 mediis
668 1267 806 1338 exponit
822 1270 860 1331 in
875 1276 989 1351 undis,
1091 1274 1112 1344 t,

190 1345 353 1419 Fragmina
366 1362 520 1406 remorum
535 1363 612 1421 quos
628 1353 659 1406 et
672 1346 838 1413 fluitantia
854 1364 1002 1421 transtro
1105 1345 1113 1412 i

191 1430 371 1504 Impediunt,
386 1432 572 1506 retrahitque
587 1431 684 1505 pedes
699 1432 799 1493 simul
817 1442 916 1501 unda
931 1444 1072 1504 relabens·
1105 1413 1113 1496 i

191 1512 254 1571 Nec
268 1516 401 1574 Turnum
416 1516 521 1589 segnis
535 1515 643 1573 retinet
657 1530 761 1587 mora;
786 1524 857 1582 sed
872 1529 965 1603 rapit
979 1545 1046 1589 acer

191 1599 298 1656 Totam
312 1599 408 1657 aciem
423 1599 453 1657 in
468 1601 611 1673 Teucros,
627 1605 657 1658 et
671 1608 782 1661 contra
797 1604 835 1664 in
852 1610 955 1672 litore
971 1614 1054 1673 sistit.

191 1680 286 1757 Signa
302 1690 421 1743 canunt.
445 1681 563 1743 Primus
579 1690 694 1743 turmas
709 1683 834 1748 invasit
850 1704 1007 1768 agrestes
1096 1694 1106 1745 ll

191 1768 324 1840 Aeneas,
341 1783 430 1825 omen
445 1782 577 1841 pugnae,
594 1767 765 1842 stravitque
779 1771 940 1854 Latinos,

192 1849 301 1909 Occiso
317 1851 464 1922 Therone,
480 1851 580 1910 virum
595 1850 647 1925 qui
661 1852 820 1915 maximus
838 1861 931 1923 ultro

190 1935 316 1993 Aenean
332 1934 416 2009 petit.
444 1935 522 1994 Huic
536 1935 638 2009 gladio
654 1950 774 2009 perque
790 1954 899 2005 aerea
915 1954 1000 2025 suto,

189 2016 247 2076 Per
261 2018 394 2077 tunicam
408 2018 597 2093 squalentem
612 2033 695 2092 auro,
710 2019 794 2081 latus
810 2022 930 2090 haurit
944 2040 1083 2109 apertum

189 2102 265 2161 Inde
279 2102 392 2161 Lichan
408 2103 484 2176 serit,
500 2110 658 2165 exsectum
672 2102 732 2161 iam
746 2112 855 2168 matre
872 2125 1032 2193 peremta,
1099 2117 1111 2170 t

189 2185 226 2245 Et
240 2186 301 2260 tihi,
317 2186 449 2259 Phoebe,
466 2201 594 2259 sacrum,
611 2202 702 2245 casus
718 2189 865 2253 evadere
883 2199 964 2259 lerri

115 2318 119 2327 .
190 2270 278 2342 Quod
293 2270 375 2329 licuit
388 2285 495 2345 parvo.
522 2270 584 2329 Neo
598 2271 697 2344 longe,
714 2270 828 2333 Cissea
845 2278 974 2344 ‹lm-um

188 2353 416 2429 lmmancmque
431 2355 527 2431 Gyan,
543 2361 713 2414 sternentes
728 2357 862 2429 agmina
879 2367 990 2443 clava,

188 2436 305 2497 Deiecit
319 2438 395 2497 letor
417 2438 490 2496 nihil
505 2439 574 2498 illos
588 2437 726 2497 Herculis
742 2454 834 2501 arma

188 2520 250 2579 Neo
265 2521 387 2581 validae
401 2522 506 2581 iuvere
520 2539 628 2582 manus
643 2522 830 2597 genitorque
845 2528 1044 2612 Melampus,
1098 2532 1114 2588 ll

188 2603 317 2663 Alcidae
333 2620 446 2677 comes,
463 2622 561 2681 usque
575 2621 685 2681 graves
699 2606 773 2664 dum
788 2614 881 2673 terra
898 2618 1033 2681 labores

187 2687 337 2747 Praebuit.
365 2689 444 2747 Ecce
460 2689 568 2763 Pharo,
584 2706 678 2749 voces
693 2690 767 2748 dum
781 2690 888 2757 iactat
905 2702 1036 2779 inertes,

186 2772 371 2847 Intorquens
386 2772 517 2832 iaculum
532 2774 672 2833 clamanti
687 2774 767 2833 sistit
782 2775 816 2835 in
833 2796 908 2843 ore.

187 2858 232 2917 Tu
247 2872 379 2931 quoque,
396 2856 559 2917 flaventem
575 2858 671 2933 prima
684 2857 835 2933 lanugine
852 2869 965 2933 malas

187 2940 266 3000 Dum
282 2941 422 3015 sequeris
438 2941 568 3019 Clytium
582 2943 695 3013 infelix,
711 2957 796 3002 novo
811 2952 953 3030 gaudia,
972 2956 1079 3037 Cydon.
1097 2952 1114 3008 t

185 3026 341 3086 Dardania
355 3032 466 3085 stratus
483 3026 599 3101 dextra
615 3041 742 3086 securus
757 3042 924 3113 amorum,

187 3109 243 3182 Qui
257 3110 400 3170 iuvenum
414 3110 468 3169 tibi
483 3126 606 3185 semper
620 3116 712 3183 erant,
727 3110 922 3183 miserande
938 3125 1069 3194 iacerem

185 3192 221 3251 Ni
236 3194 361 3253 fratrum
375 3195 487 3269 stipata
501 3195 613 3256 cohors
628 3195 707 3254 lorct
719 3194 825 3273 obvia,
842 3200 972 3271 Phorci

185 3273 360 3350 Progenies
377 3285 496 3353 septem
509 3294 651 3339 numeror
674 3284 877 3359 septenaque
892 3293 964 3356 tela

185 3358 372 3431 Commium,
394 3364 503 3438 partim
517 3363 605 3437 galea
620 3362 784 3437 clipeoque
797 3375 970 3441 resultant
1096 3373 1114 3432 ³¹

184 3441 280 3520 irrita,
296 3444 424 3506 deflexit
436 3446 548 3522 partim
559 3446 739 3519 stringentia
751 3462 879 3525 corpus
