2326 3780
311 144 513 206 BUCOLICA.
555 144 639 206 och.
659 146 711 207 iv.
732 148 771 207 V.
977 145 1016 211 il

66 299 161 361 Cedet
176 305 206 357 ct
219 297 287 372 ipse
300 295 377 357 meri
392 302 505 367 vector,
521 310 579 357 noc
592 297 714 359 nautica
727 299 817 373 pinus

65 382 194 444 Mutabit
207 397 339 441 mercesr
362 379 460 440 omnis
474 380 552 441 ieret
565 383 668 442 omnia
680 382 780 443 telius.

65 467 134 527 Non
147 473 263 526 rastros
277 465 408 541 patietur
422 463 543 536 humus,
557 480 619 525 non
632 466 724 526 vinea
738 467 861 539 saloern3
983 476 1018 529 40

65 551 224 612 Robustus
240 565 363 626 quoque
376 549 437 608 iam
450 550 546 608 tauris
561 549 633 624 iuga
646 551 746 611 solvet
760 558 882 623 arator-3,

65 636 129 694 Nec
143 633 245 694 varios
254 634 358 694 'discet
371 632 490 692 mentiri
505 634 576 692 iana
589 634 719 706 colores,

66 719 139 794 lpse
154 719 255 779 sedin
269 717 365 795 pratis
378 717 458 777 aries
474 717 536 777 iam
547 732 645 778 suave
658 718 777 780 rubenti

65 803 189 878 Murice,
205 805 265 863 iam
279 816 389 862 croceo
403 800 530 862 mutabit
543 802 660 862 veliem
673 803 751 874 luto;

65 887 182 963 Sponte
197 903 255 949 sua
268 887 392 963 sandyx
405 893 567 961 pascentes
581 888 692 946 vestiet
706 902 813 963 agnos.
983 895 1017 947 45

63 972 168 1045 „Talia
183 972 316 1043 saecla“,
339 970 403 1031 suis
418 970 568 1044 dixerunt,
584 972 747 1045 „currite“,
770 972 848 1035 fusis

65 1056 241 1116 Concordes
258 1055 359 1117 stabili
373 1057 503 1114 saiorum
517 1056 642 1115 numine
655 1055 779 1116 Parcae.

105 1142 284 1216 Aggredere
298 1156 317 1200 o
330 1139 572 1215 magnos-oderit
585 1141 646 1200 iem
659 1142 939 1217 tempus-honores,

63 1225 142 1285 Cara
156 1226 248 1285 decim
263 1223 398 1296 suboles,
413 1239 556 1298 magnum
568 1225 653 1284 lovis
666 1224 899 1288 incrementum!
991 1238 996 1245 ·

63 1309 203 1384 Adspice
218 1323 359 1368 convexo
374 1314 528 1367 nutantem
542 1309 681 1383 pondere
695 1311 848 1386 mundum,
983 1316 1018 1368 50

63 1392 238 1466 Terrasque
251 1398 428 1464 nemusque
441 1391 535 1449 meris
550 1392 732 1466 coelumque
744 1394 947 1470 profundum

64 1473 213 1549 Adspice,
225 1480 358 1532 -venturo
372 1474 522 1533 laetantur
533 1479 568 1533 ui
582 1474 684 1533 omnia
698 1479 817 1537 saccio!

66 1556 91 1616 0
106 1557 178 1615 mihi
193 1563 254 1616 tom
268 1557 379 1630 longae
392 1562 513 1615 monesi
525 1572 600 1631 pars
612 1557 718 1617 ultima
729 1562 821 1632 vitae,

63 1641 197 1716 Spiritus
213 1647 251 1714 et,
268 1646 413 1717 quantum
426 1645 476 1699 sat
488 1640 545 1699 erit
557 1647 611 1699 tue
623 1639 726 1701 dicere
739 1644 834 1703 iactor
934 1652 938 1665 ·

63 1726 133 1785 Non
147 1740 196 1786 me
211 1724 394 1793 carminibus
408 1723 511 1783 vincet
522 1739 580 1783 nec
594 1723 741 1787 Thracius
755 1725 905 1802 Orpheus,
983 1730 1018 1786 55

63 1809 127 1869 Neo
146 1809 256 1881 Linus;
279 1809 351 1870 huic
370 1815 468 1868 meter
481 1808 622 1883 quamvis
636 1815 729 1884 atque
744 1810 815 1870 huic
829 1816 916 1886 pater
930 1808 1018 1882 adsit,

65 1893 177 1969 Orphei
193 1895 358 1970 Calliopea,
372 1893 451 1953 Lino
465 1893 620 1954 formosus
635 1894 759 1970 Apoiio.

61 1977 125 2037 Pan
140 1979 239 2053 etiam,
253 1977 388 2039 Arcadia
400 1992 522 2037 mecum
535 1977 562 2037 si
576 1976 678 2037 iudice
692 1986 794 2052 certet,

61 2061 125 2121 Pan
140 2064 231 2122 eiiam
244 2063 379 2123 Arcadia
393 2062 474 2122 dicct
488 2076 524 2121 se
538 2061 640 2122 iudice
653 2063 777 2125 victum,

18 2176 21 2181 ·
103 2147 217 2223 Incipe,
233 2162 330 2223 parve
342 2162 428 2223 poor,
442 2146 508 2206 risu
519 2160 709 2220 cognoscere
722 2155 864 2209 matrem:
983 2152 1019 2209 60

60 2231 149 2290 Matri
163 2233 256 2306 longe
271 2231 378 2291 decem
391 2230 525 2291 tulerunt
538 2230 663 2291 fastidio
675 2248 808 2294 menses.

60 2314 173 2392 incipe,
189 2331 286 2392 parve
300 2332 391 2392 puer:
415 2314 463 2375 oui
477 2328 539 2373 non
553 2314 650 2375 risere
664 2324 816 2393 parentes,

61 2397 124 2458 Nec
137 2401 216 2461 deus
229 2400 310 2462 hunc
324 2415 440 2471 mensa,
455 2398 516 2457 deo
528 2413 586 2457 nec
601 2399 725 2475 dignata
739 2401 830 2463 cubili
844 2406 901 2462 esc

433 2540 638 2553 ———

84 2723 87 2729 ,
280 2648 521 2717 erinnis.
563 2656 793 2715 ncnoonv.

188 2765 555 2821 nnnnncns.
608 2768 878 2823 mopsos.

404 2902 673 2983 MENALGAS.

61 2985 123 3045 Cur
136 3000 206 3057 non,
222 2985 340 3062 Mopse,
356 2985 429 3047 boni
445 2989 590 3063 quoniam
604 2988 804 3050 convenimus
819 2987 920 3063 ambo,
1002 2992 1007 2997 '

60 3069 105 3130 Tu
119 3068 255 3131 calamos
268 3069 378 3130 inflare
391 3072 487 3146 iores,
503 3088 563 3149 ego
578 3073 682 3135 dicero
695 3086 815 3144 versus,

60 3155 117 3214 iiic
131 3153 245 3215 coruiis
258 3155 370 3215 mixtas
384 3156 463 3215 inter
476 3156 667 3218 concidimus
680 3156 804 3217 ulmosh

58 3322 103 3381 Tu
116 3321 228 3383 moion
249 3321 304 3382 tibi
316 3336 367 3383 me
380 3329 429 3384 esi
441 3339 574 3398 aequum
588 3338 705 3400 parere,
719 3323 868 3398 Menalca,

60 3405 133 3465 Sive
148 3405 205 3467 sub
220 3406 353 3468 incertos
366 3407 517 3485 Zephyris
531 3406 717 3470 motantibus
730 3407 864 3483 umbras,
998 3414 1020 3465 a

1086 3498 1100 3528 Ι
