2340 4296
324 657 389 723 242
599 656 632 717 Ρ.
652 656 814 719 vtilGllll
833 654 1009 717 maltoltts

325 813 386 873 Vix
401 828 440 871 ca
453 810 551 881 dicto3
572 808 683 871 dehinc
697 824 892 885 progressus,
906 816 1060 871 monstrat
1074 818 1109 873 et
1130 836 1133 862 =
1169 837 1170 862 ι

325 897 364 959 Et
377 896 594 957 Ganuentalem
608 892 738 954 Romani
752 892 874 952 nomine
889 899 1008 967 portum

326 982 420 1057 Quam
435 984 611 1051 memorant,
626 974 781 1055 nymphae
795 976 931 1052 priscum
941 976 1118 1040 carmentis
1134 978 1170 1042 h=

324 1066 413 1127 Vatis
428 1064 579 1137 fatidicae,
594 1060 703 1121 cecinit
717 1076 797 1134 quoe
811 1060 909 1134 prima
923 1060 1041 1121 laturos

324 1150 488 1213 Aeneadas
502 1160 631 1221 magnos
646 1153 677 1205 et
689 1143 791 1204 nobile
804 1143 1001 1205 Pallanteum.

323 1234 402 1295 ilinc
416 1234 519 1293 lucum
531 1232 692 1305 ingentem,
708 1244 798 1302 quem
811 1228 959 1289 Romulus
974 1244 1048 1289 acer
1062 1232 1152 1311 Asyl

324 1318 445 1387 Retulit,
462 1324 492 1375 et
504 1314 607 1391 gelida
621 1319 769 1373 monstrat
782 1310 840 1371 sub
854 1328 931 1387 mpc
942 1312 1110 1391 Lupercal,

324 1400 486 1463 Parrhasio
501 1399 614 1458 dictum
627 1396 728 1455 Panos
743 1395 783 1455 de
797 1411 882 1456 more
895 1398 1028 1475 Lycaei3

325 1486 387 1547 llcc
401 1500 462 1544 non
477 1490 508 1543 ct
520 1480 601 1542 sacri
614 1486 762 1539 monstrat
776 1496 882 1541 ncnnus
895 1480 1032 1555 Argileti,

324 1571 525 1641 Testaturque
537 1564 638 1625 locum
653 1572 683 1623 et
697 1564 788 1624 letum
803 1565 894 1624 docet
907 1564 1038 1639 hospitis
1046 1567 1144 1643 Argi.

324 1652 402 1713 Hinc
417 1651 457 1711 ad
470 1648 632 1725 Tarpeiam
647 1649 753 1708 sedem
768 1657 799 1709 et
812 1647 962 1723 Capitolia
975 1648 1071 1723 ducit,

324 1740 533 1806 Ametinum,
548 1733 621 1792 olim
635 1732 826 1793 silvestribus
841 1732 965 1792 horrida
979 1732 1096 1795 dumis.

325 1820 389 1879 lam
403 1826 465 1877 turn
478 1816 585 1892 religio
600 1816 732 1893 pavidos
747 1815 878 1877 terrebat
891 1824 1030 1891 agrestes

325 1904 398 1963 Dira
413 1902 488 1971 loel;
510 1904 570 1961 iam
584 1908 647 1961 tum
661 1902 770 1961 silvam
785 1916 955 1976 susumque
969 1900 1164 1965 tremebant.

325 1988 412 2063 „Hoc
426 2001 543 2059 nemus,
558 1986 659 2047 lrunc“
674 1986 772 2061 inquit
786 1984 955 2055 „lrondoso
971 1983 1090 2046 vertice
1105 1989 1163 2050 col

325 2070 419 2149 „Quis
434 2071 521 2141 deus,
537 2070 683 2130 incertum
698 2076 753 2143 cst
768 2068 883 2129 habitat
896 2069 983 2129 deus.
1004 2070 1160 2135 Arcades

225 2189 234 2204 ·
324 2155 479 2233 „credunt
493 2170 528 2214 se
543 2153 660 2214 uidisse
674 2154 788 2226 lovem,
804 2168 897 2229 quum
911 2168 1006 2229 saepe
1020 2154 1167 2229 nigrant

324 2240 465 2317 „Aegida
479 2245 655 2310 concuteret
669 2238 786 2309 denua,
802 2237 985 2312 nimbosque
999 2237 1108 2299 cieret

325 2324 427 2397 ‚ilaec
441 2325 503 2383 duo
519 2330 678 2398 praeterea
692 2322 828 2381 disiectis
844 2321 961 2397 oppida
973 2320 1081 2396 muris,

324 2407 502 2483 „Reliquias
516 2414 714 2479 veterumque
729 2404 817 2465 sides
833 2413 1028 2465 monumenta
1041 2406 1115 2467 viro
1169 2445 1170 2460 n

324 2492 430 2567 „Hanc
445 2492 535 2551 lanus
550 2498 645 2567 pater,
661 2488 740 2549 hanc
754 2488 902 2549 Salamas
917 2488 1056 2549 condidit
1071 2506 1154 2555 arce

324 2576 509 2651 „ianiculum
522 2574 602 2645 huic,
618 2574 660 2632 illi
676 2572 772 2633 lueml
786 2572 928 2633 Saturnia
942 2579 1087 2633 nameo.“

323 2660 446 2719 Talibus
461 2658 538 2718 inter
552 2673 587 2717 se
602 2658 691 2717 dictis
707 2658 747 2717 ad
761 2664 840 2717 tecta
854 2656 997 2717 subibant

323 2742 470 2820 Pauperis
484 2742 627 2814 Evandri,
643 2742 824 2817 passimque
838 2740 1147 2807 amiculo-videbam

324 2828 526 2901 Romanoque
539 2826 619 2887 Foro
635 2834 665 2885 et
679 2825 770 2886 lautis
785 2826 901 2899 mugire
916 2824 1044 2885 Carinis.

324 2912 364 2973 Ut
378 2920 502 2969 rentum
516 2912 557 2970 ad
571 2911 681 2970 sedes=
705 2910 831 2978 ,‚llacc“
846 2910 943 2983 inquil
957 2908 1085 2983 „limina
1099 2912 1156 2974 ric

323 2995 470 3067 „Alcides
485 2994 584 3065 subiit,
600 2994 676 3053 haec
690 2994 774 3053 illum
787 2994 872 3069 regia
886 2994 981 3069 cepit=

323 3079 440 3154 „Aude
462 3078 592 3154 hospes,
614 3086 808 3138 contemnere
822 3092 915 3153 opes,
930 3085 960 3138 el
973 3084 1003 3137 tc
1019 3092 1158 3155 quoque

323 3162 435 3237 ..Finge
450 3163 519 3227 deo.
535 3162 688 3235 rebusque
703 3162 773 3220 reni
787 3177 849 3221 non
863 3178 957 3237 asper
969 3160 1113 3235 egenis.“

322 3246 413 3311 Dixit,
429 3255 458 3305 el
472 3246 593 3320 angusti
609 3244 714 3304 subter
728 3246 849 3318 fastigia
863 3246 933 3305 teeti

323 3330 477 3405 ingentem
491 3334 618 3389 Aenean
634 3328 728 3392 duxit.
745 3330 909 3405 stratisque
924 3330 1036 3390 locavit

322 3414 464 3475 Ellullum
480 3413 560 3473 loliis
576 3420 605 3472 et
621 3412 701 3487 pelle
715 3412 882 3487 Libystidis
898 3430 998 3475 ursae.

364 3500 431 3557 Nox
447 3500 504 3558 ruit
518 3506 547 3556 el
563 3498 659 3557 luscis
674 3496 811 3556 tellurem
825 3498 1016 3573 rrnrpleetitur
1030 3498 1103 3559 alis.

322 3586 362 3643 :lt
377 3584 482 3642 l'enus
497 3581 579 3640 ltatrd
595 3582 695 3640 animo
712 3581 920 3655 nequidquam
935 3582 1082 3643 exterrita
1096 3596 1168 3651 mal

321 3666 565 3738 Laurentumque
581 3665 670 3725 minis
686 3673 716 3725 el
731 3666 808 3725 duro
823 3676 905 3727 mota
920 3667 1058 3737 tumrdtu,

323 3748 492 3807 l'uleanam
507 3749 678 3823 alloquitur.
693 3749 888 3825 arolamoqne
904 3752 979 3811 llaec
995 3752 1146 3829 coniugis

321 3830 438 3908 Incipit.
454 3841 481 3891 el
497 3834 587 3893 dietis
602 3834 738 3894 diuinum
752 3834 890 3909 adspirat
905 3850 1056 3895 artiorem:

316 3914 420 3997 „Dum
435 3916 515 3983 bellu
533 3918 670 3997 Argolici
682 3917 847 3978 mutabant
855 3918 1003 3991 Pergama
1015 3934 1112 3995 reges
