2340 4296
163 602 228 667 220
432 600 465 659 Ρ.
486 600 649 661 viltultll
668 599 844 661 ibllloa'ls

161 756 236 815 Tum
250 760 356 814 contra
370 752 461 815 lunor
482 752 661 825 „Terrarum
674 758 705 811 et
719 750 834 811 fraudis
848 751 979 817 abunde
994 766 1055 819 cst.

133 881 135 885 ι
161 838 268 914 „Stant
280 837 351 897 belli
365 850 495 906 causam
517 842 668 911 pugnatur
681 836 850 897 comminus
865 840 981 913 arnris;

161 922 265 997 „Quae
279 922 342 983 lors
358 922 456 997 prima
469 918 563 993 dedit,
577 920 703 993 sanguis
718 935 818 980 novus
833 920 945 985 imbuit
960 942 1060 987 arma.

162 1006 264 1081 „Talia
278 1004 421 1079 coniugia
434 1010 465 1065 et
478 1002 556 1063 tales
570 1001 724 1063 celebrent
737 1004 931 1080 hymenaeos
1077 1020 1122 1075 sss

162 1090 343 1165 „Egregium
357 1088 487 1147 Veneris
501 1102 598 1161 genus
613 1094 644 1146 et
657 1102 712 1147 rex
726 1088 793 1163 ipse
808 1088 949 1153 Latinus.

162 1174 223 1249 „Te
237 1188 331 1249 super
344 1171 496 1233 aetlrcrias
510 1185 612 1229 errare
626 1170 765 1231 licentius
779 1186 881 1246 auras,

162 1257 271 1335 „Haud
285 1264 372 1332 pater
386 1255 436 1313 ille
449 1254 531 1327 velit
547 1254 656 1313 summi
670 1264 812 1331 regnator
827 1255 971 1336 Olympi=

162 1342 263 1417 „Cede
277 1341 363 1399 locis.
397 1338 472 1411 Ego,
489 1338 516 1397 si
531 1354 592 1412 quo
606 1354 701 1413 super
715 1340 837 1400 lortuna
852 1342 998 1405 laborum
1015 1356 1075 1421 est,

161 1426 398 1501 ,‚1psaregam.“
431 1421 520 1481 Tales
535 1422 661 1482 dederat
675 1421 817 1483 Saturnio
830 1440 946 1497 voces;
1080 1438 1124 1495 sm

162 1510 217 1569 llla
230 1515 330 1566 autem
344 1505 451 1565 attollit
465 1504 628 1566 stridentes
642 1506 791 1583 anguibus
806 1510 881 1578 alas,

163 1591 331 1665 Cocytique
346 1590 420 1665 petit
433 1589 548 1662 sedem,
562 1606 675 1666 supera
689 1592 784 1651 ardua
798 1592 954 1668 linquens.

160 1676 216 1735 Est
229 1676 315 1733 locus
330 1673 433 1733 ltaliae
448 1674 549 1734 medio
564 1674 622 1735 sub
636 1674 789 1735 montibus
803 1676 881 1749 altis,

161 1758 277 1817 Nobilis
293 1764 323 1818 et
337 1759 417 1818 lerna
430 1758 531 1817 multis
545 1766 730 1819 memoratus
744 1760 775 1819 in
790 1760 862 1834 oris,

161 1842 318 1903 Amsancti
333 1842 444 1911 valles;
466 1842 572 1903 densis
586 1842 667 1903 hunc
681 1844 840 1904 frondibus
854 1850 957 1907 atrum
1082 1860 1127 1917 555

161 1926 255 2001 Urget
269 1926 418 2001 utrimque
434 1926 510 1987 latus
525 1927 667 1997 nemoris,
682 1928 846 2004 medioque
861 1928 1017 2005 lragosus

161 2010 220 2071 Dat
234 2012 364 2071 sonitum
379 2011 464 2082 sapis
478 2018 508 2071 et
522 2018 600 2071 torto
615 2011 728 2071 vertice
742 2018 871 2073 torrens.

161 2094 217 2155 Hic
231 2110 344 2171 specus
358 2095 543 2155 horrendum
557 2102 588 2156 et
602 2095 688 2155 saevi
702 2096 857 2171 spiracula
870 2096 950 2159 Ditis

160 2180 373 2253 blonstrantur,
387 2186 539 2255 ruptoque
553 2180 662 2254 ingens
675 2180 849 2241 Acheronte
863 2196 990 2259 vorago

161 2264 325 2325 Pestilcras
340 2264 437 2339 aperit
451 2264 570 2323 fauces:
592 2262 661 2339 quis
676 2264 799 2324 condita
812 2266 934 2341 Erinys,
1081 2280 1129 2337 570

161 2349 297 2410 Invisum
311 2364 431 2421 numen,
447 2354 544 2407 terras
559 2348 740 2423 coelumque
755 2348 884 2409 levabat.

202 2433 264 2493 Nec
278 2432 378 2492 minus
393 2432 508 2492 interea
522 2438 687 2490 extremam
702 2431 844 2493 Saturnia
857 2433 940 2492 bello

160 2516 290 2593 imponit
304 2516 409 2591 regina
422 2530 554 2575 manum.
590 2515 660 2576 Ruit
674 2517 773 2577 omnis
788 2518 818 2576 in
833 2517 941 2577 urbem

159 2602 317 2670 Pastorum
331 2615 371 2659 ex
385 2599 452 2659 acic
467 2614 619 2673 numerus,
634 2615 808 2677 caesosque
821 2609 985 2676 reportant

159 2688 321 2746 Almonem
336 2698 462 2760 puenmr
478 2684 652 2759 foedatique
668 2699 723 2744 ora
737 2685 868 2757 Galaesi,
1079 2702 1127 2757 575

159 2770 386 2845 Implorantque
401 2769 487 2837 deos,
504 2766 753 2843 obtestanturque
766 2768 916 2829 Latinum.

159 2854 276 2913 Turnus
291 2853 387 2923 adest,
404 2851 567 2925 medioque
581 2852 611 2911 in
627 2852 751 2912 crimine
765 2853 870 2913 caedis
885 2860 915 2912 et
931 2854 999 2929 igni

158 2937 317 2995 Terrorem
332 2935 509 3009 ingeminat:
532 2936 667 2995 Teucros
681 2937 710 2995 in
726 2952 821 3011 regno
834 2940 951 3009 vocari,

160 3020 292 3095 Stirpem
306 3018 469 3077 admisceri
486 3017 657 3093 Phrygiam,
673 3036 708 3079 se
724 3020 824 3080 limine
840 3021 923 3096 peili.

158 3104 241 3174 Tum,
257 3118 386 3178 quorum
401 3100 545 3161 attonitae
558 3102 680 3165 Baccho
696 3120 821 3164 nemora
834 3106 905 3165 avia
920 3118 1044 3175 matres
1079 3123 1128 3179 58⁰

159 3187 305 3248 insultant
321 3184 428 3245 thiasis
443 3216 455 3227 ·
471 3200 570 3261 neque
585 3188 665 3247 enim
680 3188 749 3247 lere
763 3204 873 3248 nomen
888 3192 1028 3257 Amatae
1042 3232 1073 3275 -‚
1161 3197 1164 3214 '

158 3272 301 3347 Undique
316 3268 434 3329 collecti
449 3273 568 3343 co'eunt,
582 3270 771 3346 blarrtemque
787 3271 922 3347 fatigant.
1157 3225 1166 3420 1

158 3358 243 3417 Ilicet
256 3354 412 3415 inlandum
428 3354 527 3415 cuncti
541 3364 648 3415 cantra
662 3355 764 3415 omina
779 3354 900 3431 bellum,

160 3442 271 3503 Contra
285 3440 347 3499 lata
361 3438 461 3511 deum,
478 3454 624 3515 perverso
640 3438 761 3498 numine
777 3448 923 3515 poscunt;

159 3526 300 3585 Certatim
314 3523 396 3597 regis
411 3522 608 3583 circumstant
622 3530 701 3582 tecta
714 3522 822 3583 Latini.
1078 3544 1127 3601 seb

159 3611 220 3682 llle,
236 3609 319 3669 velut
333 3607 434 3683 pelagi
449 3623 541 3683 rupes
557 3608 687 3679 immota,
704 3608 825 3677 resistit,

159 3694 198 3754 L't
212 3693 312 3769 pelagi
326 3708 420 3767 rupes
436 3706 546 3767 magno
562 3690 701 3751 veniente
716 3693 845 3767 fragore,

160 3777 243 3851 Quae
258 3792 338 3850 sese,
354 3776 455 3836 multis
471 3776 583 3835 circum
598 3776 774 3836 latrantibus
788 3776 889 3847 undis,

158 3862 241 3923 Male
255 3868 350 3934 teneti
375 3860 495 3935 scopuli
510 3860 717 3935 nequidquam
733 3868 762 3921 et
776 3876 904 3935 spumea
920 3862 1044 3932 circum
