2326 3780
157 172 199 236 48
426 170 458 229 P.
480 169 641 230 VlRGlLll
663 167 841 230 MARONIS

158 327 221 407 Sed
238 325 385 402 quianon
401 324 488 385 aliter
501 323 584 383 vires
599 323 684 383 dabit
697 323 838 385 omnibus
853 340 971 399 aequas

157 412 258 483 Terra,
274 425 375 484 neque
389 409 420 467 in
434 425 566 469 vacuum
580 414 723 483 poterunt
736 424 772 468 se
786 409 953 470 extendere
967 412 1054 471 rami.

198 494 339 555 Forsitan
354 500 385 553 et
399 491 559 553 scrobibus
576 508 656 567 quae
670 493 731 553 sint
744 493 874 568 lastigie,
893 510 1035 568 quaeras.

157 579 266 639 Ausim
280 579 330 638 vel
344 578 426 637 tenui
441 577 535 636 vilem
549 576 735 637 committere
748 579 851 649 suloo;

157 664 257 724 Altior
271 678 307 722 ac
321 663 442 737 penitus
456 668 556 721 terrae
570 661 712 736 defigitur
725 662 828 735 arbos,
1064 671 1114 725 290

157 749 310 808 Aesculus
325 748 356 804 in
371 745 486 821 primis,
504 760 583 819 quae
598 753 745 820 quantum
758 747 873 806 vertice
888 748 928 807 ad
943 765 1035 809 auras

161 832 328 904 Aetherias,
344 836 460 890 tantum
474 830 578 889 radice
592 830 623 888 in
636 831 760 890 Tartara
773 833 878 891 tendit.

157 918 238 992 Ergo
253 932 315 975 non
329 914 445 975 hiemes
460 914 551 989 illam,
570 929 632 974 non
647 914 746 976 llabra
757 931 860 991 neque
873 917 987 978 imbres

159 1001 354 1069 convellunt,
377 999 502 1058 immota
516 1005 625 1070 manet,
641 1001 816 1074 multosque
829 1008 968 1076 nepotes,

157 1085 252 1146 Multa
265 1083 363 1142 vinim
377 1084 507 1143 volvens
522 1082 664 1143 durando
679 1085 804 1145 saecula
820 1084 927 1155 vincit;
1064 1089 1111 1145 295

157 1171 233 1229 Tum
247 1169 342 1227 fortes
356 1168 416 1227 late
429 1181 533 1227 ramos
549 1174 579 1228 et
591 1167 718 1227 brachia
730 1169 860 1228 tendens

157 1254 225 1314 Huc
240 1252 319 1325 illuc,
335 1251 437 1312 media
451 1252 520 1328 ipsa
534 1252 687 1327 ingentem
702 1253 832 1313 sustinet
843 1252 993 1312 umbram.

199 1337 284 1395 Neve
298 1335 351 1396 tibi
365 1336 406 1395 ad
420 1337 517 1396 solem
531 1343 661 1411 vergant
673 1336 777 1396 vineta
790 1336 960 1409 cadentem,

157 1422 242 1480 Neve
257 1421 334 1481 inter
348 1422 427 1481 vites
443 1421 581 1482 corolum
596 1436 681 1491 sere;
704 1436 783 1481 neve
798 1420 922 1495 llagella
964 1453 971 1467 ·

159 1505 282 1566 Summa
292 1512 363 1581 pete
375 1513 427 1566 aut
437 1522 557 1567 summa
568 1505 724 1581 destringe
735 1521 774 1564 ex
785 1504 896 1565 arbore
906 1506 1049 1579 plantas·
1063 1512 1112 1567 300

157 1592 270 1665 Tantus
286 1604 372 1651 amor
385 1598 517 1663 terrae,
540 1605 599 1649 neu
614 1591 694 1651 lerro
709 1589 799 1649 laede
812 1596 916 1649 retuso

159 1674 296 1746 Semina;
319 1690 398 1735 neve
414 1676 483 1735 olea
497 1674 656 1735 silvestres
671 1675 773 1733 insere
786 1680 926 1734 cuncos:

156 1759 232 1818 Nom
247 1775 342 1834 saepe
356 1759 485 1819 incautis
498 1758 675 1835 pastoribus
691 1758 804 1818 excidit
817 1758 906 1832 ignis,

158 1843 222 1916 Qui,
239 1845 339 1904 lurtim
354 1844 459 1920 pingui
474 1845 605 1918 primum
619 1842 676 1903 sub
692 1843 805 1902 cortice
818 1848 926 1914 tectus,

156 1928 282 1988 Robora
297 1928 497 2002 comprendit,
514 1927 704 2001 frondesque
718 1928 845 2003 elapsus
859 1926 890 1985 in
905 1927 983 1987 altas
1061 1937 1111 1992 305

155 2012 312 2086 Ingentem
327 2012 414 2071 coelo
430 2010 563 2071 sonitum
577 2009 669 2081 dedit,
685 2011 757 2070 inde
772 2017 896 2072 secutus

155 2095 213 2156 Per
225 2111 328 2154 ramos
343 2094 442 2153 victor
455 2108 573 2168 perque
587 2095 648 2153 alta
662 2095 822 2155 cacumina
833 2104 950 2170 regnat,

43 2234 46 2239 .
154 2179 193 2239 Et
204 2185 300 2239 tolum
314 2177 443 2237 involvit
458 2176 588 2237 llammis
603 2194 720 2253 nemus,
737 2187 767 2239 et
779 2178 838 2239 ruit
853 2187 948 2240 atram

155 2264 205 2323 Ad
221 2262 339 2321 coelum
353 2261 443 2337 picea
458 2276 583 2322 crassus
600 2264 728 2338 caligine
743 2262 865 2337 nubem,

153 2346 335 2407 Praesertim
350 2346 377 2406 si
392 2352 557 2422 tempestas
572 2349 719 2407 avertice
734 2348 820 2409 silvis
1063 2360 1112 2414 eto

154 2430 294 2491 Incubuit
307 2431 517 2505 glomeratque
533 2431 633 2492 ierens
649 2432 792 2492 incendia
804 2438 924 2491 ventus.

152 2516 222 2574 Hoc
236 2515 295 2587 ubi,
312 2508 408 2576 non'a
422 2515 517 2591 stirpe
531 2517 635 2577 valent
648 2531 821 2591 caesaeque
835 2516 947 2577 reverti

154 2599 288 2661 Possunt
301 2605 394 2675 utque
407 2600 469 2659 ima
483 2600 597 2661 similes
612 2601 800 2661 revirescere
813 2607 911 2661 terra:

155 2683 264 2743 Infelix
278 2690 403 2759 superat
417 2684 498 2745 loliis
514 2685 647 2746 oleaster
661 2685 782 2745 amaris.
867 2698 869 2703 ·

196 2767 395 2829 Nectibitum
405 2769 542 2844 prudens
554 2769 717 2847 quisquam
726 2768 913 2847 persuadeat
924 2776 1042 2845 auctor,
1062 2780 1111 2835 315

154 2854 304 2914 Tellurem
318 2853 419 2914 Borea
432 2850 561 2928 iigidam
576 2854 711 2930 spirante
724 2868 865 2915 movere=
976 2864 979 2869 ·

153 2938 238 3003 Rura
250 2938 320 3013 gelu
335 2945 399 2998 tum
413 2938 525 2999 claudit
539 2938 647 3012 hiems,
662 2955 719 3001 nec
734 2939 851 2999 semine
865 2937 945 2998 iacto

156 3022 335 3083 Concretam
349 3022 462 3099 patitur
475 3022 611 3083 radicem
626 3023 751 3098 elligere
765 3029 874 3083 terrae.

156 3104 276 3181 Optima
289 3107 399 3168 vinetis
415 3106 503 3179 satio,
520 3124 612 3182 quum
626 3124 700 3168 vere
713 3107 833 3168 rubenti

156 3189 293 3250 Candida
305 3191 389 3251 venit
403 3191 479 3264 avis,
494 3191 594 3267 longis
609 3192 709 3253 invisa
724 3192 867 3266 colubris,
1064 3204 1114 3261 stt

154 3271 254 3333 Prima
267 3275 318 3335 vel
332 3275 484 3335 auctumni
499 3273 557 3335 sub
571 3276 693 3351 frigora,
711 3293 804 3352 quum
817 3276 948 3352 rapidus
963 3276 1021 3341 Sol

154 3358 297 3419 Nondum
309 3358 440 3419 hiemem
454 3358 600 3437 contingit
613 3362 710 3437 equis,
727 3362 788 3421 iam
802 3362 949 3436 praeterit
962 3372 1080 3427 aestas.

155 3441 219 3504 Ver
232 3443 311 3505 adeo
327 3441 428 3504 irondi
442 3458 608 3531 nemorum,
624 3462 678 3507 ver
691 3446 764 3511 utile
778 3444 883 3507 silvios
