2326 3780
297 342 302 349 .
349 297 378 361 r.
406 293 803 362 vinonnnnaonis
850 364 861 391 „

249 417 280 509 Α
339 416 369 508 Ε
429 415 460 508 Ν
522 416 552 508 E
612 417 628 508 i
687 417 719 509 l)
782 415 813 509 0
872 413 899 508 S

412 564 548 626 LIBER
568 566 746 628 PRIMUS.

146 713 215 787 [itte
229 730 290 787 eoo,
305 716 515 789 quiquoniam
527 716 816 789 orootlimodalotns
830 728 925 772 auena

105 797 240 871 Cornua,
254 804 290 871 et,
304 815 439 872 egressas
452 801 540 873 siluis,
554 803 651 860 utrina
665 801 749 873 ooe'oi

108 880 145 942 Ut
158 885 291 957 quamuis
304 884 391 942 auido
400 890 547 958 parerent
560 900 635 942 arou
649 888 758 955 colono,
854 955 856 959 ¹

105 966 228 1026 Gratum
241 983 314 1042 opus
328 969 476 1041 notiones,
492 974 524 1027 ut
537 984 617 1029 nuno
630 968 783 1028 horrentia
797 966 928 1036 Mortis]

103 1083 198 1139 Arma
210 1080 372 1153 virumque
389 1095 475 1156 cano,
490 1081 598 1140 Troiae
614 1082 665 1156 qui
680 1080 796 1156 primus
812 1078 850 1139 ab
866 1078 928 1138 ouis

102 1164 219 1222 Italiam
234 1164 295 1221 iato
311 1163 460 1239 profugus
474 1164 651 1240 Lavinaque
664 1164 748 1223 vonit

103 1247 214 1318 Litora,
229 1247 356 1305 multum
369 1247 420 1305 iile
434 1254 464 1305 et
478 1248 567 1307 terris
581 1249 708 1308 iactatus
723 1255 753 1307 et
768 1247 828 1306 alto

104 1330 145 1387 Vi
160 1330 305 1403 superdm
320 1344 432 1387 saevae
448 1345 613 1389 memorem
627 1331 751 1390 lunonis
768 1330 807 1389 ob
821 1331 905 1404 iram,

105 1411 200 1469 Multa
215 1427 338 1484 quoque
352 1419 382 1469 et
394 1411 476 1470 bello
491 1429 614 1488 passus,
631 1415 703 1472 dum
719 1414 864 1472 conderet
877 1414 982 1473 unbem
1040 1424 1057 1474 5

106 1495 295 1567 Inierretque
309 1494 385 1553 deos
400 1495 501 1554 Latio:
523 1512 620 1570 genus
634 1496 717 1556 unde
730 1497 868 1556 Latinum

106 1578 279 1651 Albanique
294 1584 396 1650 patres
412 1584 503 1652 atque
519 1580 599 1638 attae
613 1579 735 1639 moenia
748 1579 874 1638 Romae.

148 1661 247 1733 Musa,
263 1661 335 1720 mihi
352 1677 462 1721 causas
478 1678 620 1739 memora,
637 1678 697 1737 quo
713 1662 834 1721 numine
848 1658 946 1731 laeso‚'

16 1753 19 1757 ’
109 1746 226 1820 Quidve
240 1746 349 1805 dolens
363 1746 469 1821 regina
484 1746 576 1806 dedm
589 1753 633 1807 tot
646 1747 773 1805 volvere
789 1761 879 1805 casus

107 1831 260 1904 Insignem
273 1829 385 1905 pietate
399 1830 506 1906 virum,
521 1836 566 1890 tot
579 1831 664 1890 adire
679 1829 800 1889 labores
1026 1834 1060 1885 10

10 1975 20 1997 .
106 1914 271 1991 Impulerit.
300 1914 453 1974 Tantaene
467 1915 576 1974 animis
591 1915 776 1975 coelestibus
791 1914 875 1973 iraet

148 1998 229 2059 Urbs
244 1998 368 2075 antiqua
382 1998 547 2077 init-Tyrii
560 2006 686 2059 tenuere
701 1998 838 2073 coloni-,

108 2083 268 2157 Carthago,
283 2083 399 2143 Italiam
414 2091 520 2143 eontra
532 2084 733 2158 Tiberinaque
747 2083 838 2157 longe

109 2167 202 2239 Ostia,
218 2167 306 2226 dives
322 2182 415 2243 opum
429 2168 601 2242 studiisque
615 2167 784 2242 asperrima
797 2166 877 2241 belli,

109 2251 205 2324 Quam
219 2251 294 2310 Iuno
309 2251 403 2311 fertur
416 2252 504 2311 terris
516 2252 613 2326 magis
630 2251 769 2311 omnibus
783 2267 876 2311 unam
1026 2260 1061 2313 15

108 2334 286 2393 Posthabito
299 2335 432 2395 coluisse
448 2334 555 2395 Samo:
576 2335 626 2394 hio
640 2335 721 2395 iilius
736 2351 829 2415 anna,

109 2416 166 2475 Hie
181 2431 286 2475 eunus
300 2418 371 2488 fuit;
393 2418 453 2477 hoo
466 2434 594 2493 regnum
608 2419 668 2478 dea
681 2419 821 2493 gentibus
833 2433 914 2493 esse,

111 2498 144 2559 Si
160 2514 220 2573 qua
233 2500 296 2559 sata
310 2500 419 2575 sinant,
432 2502 493 2561 iam
505 2509 568 2563 tum
582 2503 740 2576 tenditque
754 2503 910 2577 fovetque.

109 2582 290 2656 Progeniem
304 2584 456 2643 sedenim
468 2586 599 2646 Troiano
614 2587 796 2661 asangume
811 2586 882 2646 duci

110 2667 265 2740 Audierat
280 2667 389 2745 Tyrias
404 2669 476 2728 oiim
490 2686 569 2745 quae
582 2677 714 2730 verteret
728 2685 832 2738 aroes;
1027 2677 1064 2730 uo

110 2752 188 2810 Hine
202 2752 351 2828 populum
364 2752 425 2813 late
438 2768 542 2829 regem
556 2755 701 2831 belloque
715 2753 881 2831 superbum

110 2836 278 2895 Venturum
292 2836 413 2897 exoidio
428 2836 560 2915 Libyae:
583 2839 628 2898 sie
642 2839 768 2898 volvere
781 2836 904 2896 Paneas.

95 2920 145 2995 ‚ld
160 2928 298 2980 metuens
313 2921 488 2995 veterisque
502 2936 619 2981 memor
632 2920 773 2983 Saturnia
786 2920 867 2993 belli,

110 3004 209 3063 Prima
223 3004 306 3079 quod
322 3006 362 3065 ad
376 3004 496 3065 Troiam
510 3021 567 3079 pro
582 3006 663 3065 caris
677 3010 816 3080 gesserat
828 3001 951 3077 ArgIs...

110 3088 173 3147 Nee
188 3088 259 3147 dum
274 3088 364 3147 etiam
379 3104 492 3149 caueae
506 3090 618 3149 iramm
633 3088 781 3163 saevique
795 3087 920 3147 dolores

110 3172 296 3233 Exciderant
309 3174 428 3244 animm
450 3180 553 3233 manet
566 3173 628 3233 alta
640 3179 741 3233 mente
755 3176 911 3247 repostum

110 3257 260 3318 iudicium
272 3255 391 3317 Paridis
405 3264 590 3332 spretaeque
604 3256 713 3317 iniuria
727 3256 851 3328 formae,

110 3338 148 3398 Et
161 3356 258 3414 genus
272 3340 413 3415 invisum,
427 3346 458 3401 et
470 3340 549 3416 rapti
565 3339 752 3417 Ganymedis
767 3340 901 3399 honores
