2326 3780
95 216 174 277 ml
431 214 745 273 latronucrlo.

95 366 137 423 aa
146 361 310 432 Ε.1.62.];
330 360 384 418 sed
399 363 495 433 paullo
510 368 576 435 post
591 363 621 417 in
640 363 748 418 Italiam
769 367 919 418 revocalus
943 368 1008 432 est,
1032 371 1058 419 ut

96 449 181 505 classi
198 446 338 504 adversus
353 443 433 504 Sext.
443 446 609 519 Pompeium
625 445 805 503 fabricandae
816 446 1057 518 exercendaeque

94 536 252 605 praeesset.
283 532 316 586 ln
326 531 451 586 exercitu
461 531 508 585 illo
519 531 570 587 luit
579 531 663 586 eliam
671 530 821 585 Volumnia
832 529 986 601 quaedam,
996 532 1057 588 Vo-

95 616 192 672 lumnii
209 615 353 687 Eutrapeli
367 615 482 683 liberta,
504 629 579 685 quae
600 621 755 670 amatorem
769 630 852 668 suum
868 613 906 668 ad
920 612 1057 671 Rhenum

96 701 276 771 sequebatur.
310 716 340 754 v.
353 695 471 771 Serpius
482 699 521 753 cd
534 699 570 754 E.
581 697 618 752 X.
631 701 661 757 1.
695 698 758 753 Fuit
769 714 805 753 ea
814 698 914 768 mima,
939 702 1055 756 mimico

94 784 210 840 nomine
226 781 355 854 Cytheris
372 783 530 852 appellata,
551 784 709 854 multosque
730 788 870 837 amatores
890 781 1007 850 habuit,
1028 787 1056 838 in

94 866 219 925 hisinde
231 868 267 922 ab
277 882 352 922 anno
364 864 438 925 705.
460 866 499 920 Μ.
509 867 678 936 Antonium,
690 867 738 938 qui
748 873 842 921 tamen
852 882 879 920 a.
892 863 967 925 708.
991 885 1056 923 eam
1096 934 1098 939 Ι

96 951 201 1007 dinrisit
211 955 295 1021 atque
304 949 433 1006 Fulviam
443 949 473 1004 in
482 951 689 1005 matrimonium
700 950 787 1005 duxit
818 967 848 1005 v.
862 946 918 1004 Cic.
928 949 1054 1024 Philipp.
1096 942 1098 953 '

94 1033 131 1092 11.
142 1030 194 1095 24.
208 1048 266 1104 sq.,
285 1033 414 1089 adAtta'c.
424 1033 461 1088 X.
476 1030 526 1093 10.
540 1040 568 1088 et
579 1034 646 1104 16.,
666 1032 806 1089 Plutarch.
818 1034 917 1088 Artori.
928 1032 973 1104 9.,
982 1035 1054 1090 Plin.

95 1116 169 1175 vill
185 1116 253 1184 16.,
273 1115 426 1172 Drumann.
448 1118 467 1172 l.
484 1133 510 1172 c.
527 1134 557 1188 p.
569 1117 620 1176 71.
631 1124 660 1173 et
669 1116 721 1177 75.
743 1124 771 1172 et
791 1116 946 1171 Wcichert.
969 1119 1005 1174 de
1021 1119 1053 1175 J.

101 1200 318 1261 lacaenas
325 1200 423 1256 Par-m.
437 1202 491 1257 vitu
503 1219 535 1273 p.
545 1199 619 1262 339.
647 1202 744 1257 Paullo
755 1207 820 1273 post
834 1200 936 1256 eadem
947 1200 1054 1258 Corne·

33 1274 44 1297 ⁰
96 1286 165 1341 lium
174 1283 284 1341 Gallum
293 1284 332 1340 ad
342 1302 375 1341 se
385 1287 534 1355 allexerat,
557 1288 604 1358 qui
622 1302 685 1340 eam
695 1285 841 1357 Lycoridis
859 1285 972 1342 nomine
985 1303 1053 1358 qua·

95 1374 160 1425 tuor
177 1369 333 1440 elegiarum
348 1370 427 1424 libris
443 1369 553 1425 cecinit.
573 1388 604 1426 v.
616 1368 699 1425 Serv.
711 1371 729 1425 l.
744 1385 785 1435 c.,
798 1368 958 1440 Philargyr.
970 1372 1010 1427 od
1018 1371 1052 1427 Ε.

95 1451 133 1508 X
145 1451 213 1521 22,
233 1450 329 1509 Schol.
341 1453 489 1509 cdHorat.
501 1453 561 1509 Sat.
572 1455 594 1508 1.
606 1453 635 1513 2.
647 1451 699 1513 55.
713 1451 802 1512 et10.
814 1453 865 1512 77.
907 1451 969 1509 Sed
980 1471 1053 1510 anno

96 1535 170 1597 716.
192 1535 324 1609 Lycoris,
345 1552 516 1609 quamquam
526 1539 583 1593 iam
592 1538 764 1592 tricesimum
780 1537 878 1591 aetatis
896 1553 1003 1593 annum
1013 1545 1054 1593 al·

96 1621 213 1692 tigerat,
224 1622 309 1677 alium
320 1627 489 1691 amatorem,
510 1637 595 1693 quem
606 1619 723 1677 Servius
734 1621 827 1691 inepte
839 1636 902 1674 cum
913 1621 952 1675 lll.
964 1623 1053 1678 Anto·

95 1705 145 1761 nio
156 1704 293 1777 contudit,
314 1705 369 1760 sibi
387 1707 473 1778 elegit
492 1721 612 1775 eumque
628 1704 657 1757 in
669 1703 783 1759 Galliam
795 1705 925 1759 comitata
936 1712 989 1760 est.
1025 1725 1053 1764 v.

95 1789 158 1849 Ecl.
174 1788 211 1844 X.
223 1787 293 1860 28.,
314 1783 367 1849 46.
378 1805 459 1861 sqq„
479 1788 565 1843 Voss.
581 1787 621 1842 ad
634 1788 695 1843 Ect.
713 1788 762 1843 Vl.
781 1783 833 1847 64.
851 1794 878 1842 ct
895 1787 1005 1860 Spohn.
1018 1791 1056 1846 od

95 1872 157 1931 Μ
168 1872 205 1927 X.
227 1873 332 1942 Gallus,
346 1874 463 1944 quitum
473 1872 539 1927 alibi
550 1872 578 1926 in
590 1872 715 1927 exercitu
726 1871 870 1928 Octaviani
882 1874 1018 1930 militabat
1029 1880 1055 1930 et

98 1972 134 2011 co
153 1961 281 2026 tempore
303 1956 424 2009 fortasse
438 1953 627 2027 Euphorionis
640 1954 791 2012 Chalcidici
812 1957 935 2010 carmina
957 1958 1055 2014 Latina

97 2039 218 2095 iaciebat
235 2040 276 2106 [v.
290 2038 352 2093 Ecl.
369 2037 406 2092 X.
419 2036 470 2097 50.
487 2045 515 2095 el
525 2037 610 2097 Serv.
626 2041 734 2096 adEcl.
746 2039 793 2093 Vl.
807 2039 885 2108 72.]‚
906 2041 1055 2112 Lycoridis

96 2121 246 2196 perfidiam
256 2122 415 2194 aegerrime
424 2122 485 2179 tulit
495 2130 523 2178 el
533 2141 642 2180 summo
655 2124 752 2179 dolore
764 2130 909 2195 correptus
921 2131 972 2180 est
989 2126 1054 2181 Vll·-

97 2206 197 2278 3111111,
218 2210 249 2260 ul
265 2206 386 2262 amicum
402 2209 594 2264 consolaretur
610 2222 748 2278 suumque
759 2223 885 2262 amorem
895 2214 1054 2280 testaretur,

96 2305 172 2347 anno
183 2288 266 2359 717.,
277 2294 428 2363 antequam
438 2291 568 2365 Agrippa
579 2310 596 2347 e
607 2291 701 2346 Galliis
711 2306 844 2346 reversus
856 2297 908 2362 est,
925 2294 1056 2366 eclogam

98 2373 238 2429 decimam
248 2372 349 2447 edidit,
364 2391 449 2447 quam
459 2377 507 2433 alii
518 2378 683 2447 interpretes
699 2390 800 2446 parum
814 2381 889 2430 recte
901 2376 938 2430 ad
949 2393 1057 2433 annum

98 2455 170 2517 ⁷16.
181 2457 343 2514 retulerunt.
366 2459 541 2534 Quamquam
553 2459 627 2515 enim
638 2455 808 2515 Octavianus
820 2474 894 2514 anno
906 2459 980 2520 715.
1005 2479 1055 2518 ex·

96 2540 270 2614 peditionem
287 2543 318 2599 in
334 2544 451 2601 Galliam
472 2542 685 2612 Transalpinam
706 2543 772 2597 lecit
788 2545 999 2616 exercitumque
1018 2547 1056 2601 ibi

96 2625 223 2698 reliquit,
245 2627 293 2698 qui
310 2645 400 2686 verno
411 2635 538 2700 tempore
549 2625 615 2679 anni
626 2622 699 2685 716.
723 2632 872 2682 revocatus
882 2634 928 2691 ¹est
939 2630 981 2698 [v.
992 2630 1056 2703 Ap·

95 2708 172 2782 plan.
183 2710 221 2766 V.
232 2708 301 2781 75„
321 2712 374 2769 Dio
389 2710 468 2769 Gaas.
478 2708 598 2763 XLVIII.
612 2705 661 2769 20.
676 2715 703 2764 ct
714 2709 793 2778 28.];
810 2716 902 2766 lamen
913 2713 960 2768 ille
971 2729 1057 2769 exer-

96 2794 167 2849 citus
179 2811 236 2851 non
246 2796 285 2853 ad
294 2794 423 2851 Rhenum
433 2792 579 2864 pervenit,
599 2807 692 2865 neque
712 2801 776 2866 apte
787 2800 873 2866 poeta
882 2796 943 2852 EcL
954 2795 991 2852 X.
1002 2792 1056 2858 47.

94 2874 188 2935 Rheni
205 2880 311 2952 frigora
327 2879 590 2945 commemorasset,
611 2876 636 2931 si
645 2877 762 2950 Lycoris
779 2893 853 2933 anno
865 2878 937 2941 715.
949 2881 979 2936 in
990 2880 1057 2939 Gal-

95 2962 163 3019 liam
174 2963 360 3019 discessisset.

154 3048 305 3119 Postquam
312 3043 445 3100 Bucolica
456 3042 531 3100 edita
542 3049 614 3117 sunt,
625 3045 761 3118 Virgilius
772 3063 846 3103 anno
857 3047 929 3108 717.
942 3047 988 3104 Ge
996 3065 1057 3104 or·

95 3131 180 3203 gica
196 3143 314 3185 exorsus
334 3133 392 3199 est,
414 3143 487 3199 quae
501 3128 574 3185 intra
585 3131 761 3201 septennium
772 3132 930 3188 absolvisse
942 3131 1055 3190 dicitur.

95 3231 127 3271 v.
138 3209 291 3268 weicheri
303 3211 338 3267 dc
347 3211 380 3268 b.
399 3211 480 3269 Varii
488 3218 515 3270 et
525 3213 613 3271 Carni
621 3213 719 3271 Pcrm.
732 3217 825 3287 vitup.
838 3211 889 3275 54.
921 3213 993 3287 Qum
1003 3234 1057 3273 au-

94 3292 340 3353 teminBucolicis
353 3295 554 3368 Octavianum,
580 3299 751 3369 Pollionem,
772 3298 880 3355 Varum
899 3304 927 3354 et
945 3299 1057 3359 Gallum

89 3378 280 3448 celebrasset,
303 3379 447 3454 Georgicis
458 3387 565 3438 tantum
574 3382 745 3439 Maecenatis
757 3389 784 3439 et
795 3382 941 3440 Octaviani
952 3385 1057 3442 laudes

94 3456 211 3521 intexuit
222 3462 366 3541 [adeam.
377 3466 490 3539 1.2.,11.
502 3459 679 3538 40.,111.42.
693 3472 720 3522 et
731 3463 1058 3543 L500.,111.16.ere.];
