2326 3780
422 132 617 195 AENEIDOS
638 134 711 193 LlB.
726 134 792 193 vlt.
1024 90 1088 197 alc

167 288 249 349 Ecce
264 292 364 347 autem
377 283 511 345 Inachiis
525 300 597 345 sese
611 286 763 347 referebat
777 286 815 346 ab
829 287 921 362 Argis

128 373 231 436 Saeva
244 371 327 431 lovis
342 370 464 444 coniux,
480 384 634 445 aurasque
648 372 769 430 invecta
782 370 919 441 tenebam

126 458 165 517 Et
179 459 291 515 laetum
304 456 431 514 Aenean
446 454 639 528 classemque
653 470 693 514 ex
707 456 830 514 aethere
845 455 935 529 longe

126 541 313 600 Dardaniam
328 538 430 600 Siculo
445 539 607 621 prospexit
620 538 659 597 ah
674 555 774 615 usque
788 539 943 615 Pachyno.

126 625 227 684 Moliri
241 625 301 683 iarn
316 622 501 696 tectavidet,
516 622 576 680 ium
590 622 687 681 fidere
700 630 814 693 terrae;
973 652 980 666 =
1032 632 1086 687 29⁰

125 709 310 769 Deseruissc
325 715 415 767 rates.
452 705 540 766 Stetit
554 707 616 765 acri
631 707 695 766 lixo
709 708 830 777 dolore;

126 793 203 853 Tum
218 808 370 867 quassans
386 797 486 867 caput,
502 790 579 850 haec
594 789 723 851 ellundit
737 799 862 867 pectore
877 790 972 850 dictas

125 878 214 954 „Heu
229 877 355 951 stirpem
369 876 500 935 invisam
514 881 544 935 et
558 876 627 935 latis
642 877 794 935 contraria
807 876 920 935 nostris

124 961 219 1037 „Fata
231 959 399 1037 Phrygum!
423 976 495 1019 num
510 958 609 1033 Sigeis
626 960 808 1020 occumbere
823 959 950 1035 campie,

124 1047 222 1123 „Num
237 1045 318 1120 capti
332 1050 459 1120 potuero
474 1045 563 1119 capit
583 1061 654 1104 num
668 1045 795 1105 incensa
809 1045 955 1105 cremavit
1031 1051 1084 1107 295

126 1131 237 1207 „Troia
250 1130 358 1189 viros?
377 1128 496 1188 Medias
511 1128 594 1188 acies
608 1129 790 1205 mediosque
805 1145 862 1205 per
876 1131 963 1205 ignes

126 1215 295 1291 „Invenere
308 1214 399 1272 viam.
435 1214 485 1287 ht,
501 1212 603 1285 credo,
619 1230 689 1273 mea
702 1215 826 1273 numina
839 1216 963 1275 tandem

125 1297 242 1374 „Fessa
256 1297 363 1372 iacent,
380 1297 459 1356 odiis
474 1303 526 1357 aut
541 1305 715 1357 exsaturata
730 1300 841 1373 quievi.
856 1335 898 1347 —

125 1381 224 1457 „Quin
240 1381 330 1439 etiarn
344 1382 443 1456 patria
457 1395 607 1440 excussos
624 1381 735 1441 intesta
748 1398 804 1457 per
817 1383 916 1443 undas

126 1465 232 1541 „Ausa
246 1466 344 1540 sequi,
361 1471 391 1524 et
403 1464 541 1539 profugis
556 1472 620 1525 toto
636 1481 684 1523 me
699 1481 858 1541 opponere
873 1473 976 1541 ponto.
1030 1474 1084 1530 ³⁰0

126 1548 313 1624 „Absumtae
327 1549 358 1607 in
372 1548 506 1607 Teucros
520 1549 602 1608 vires
618 1550 758 1623 coelique
772 1551 935 1625 marisque.

125 1632 224 1710 „Quid
239 1631 346 1708 Syrtes
361 1639 413 1691 aut
428 1631 533 1709 Scylla
544 1632 626 1705 mihi,
644 1634 717 1708 quid
732 1643 820 1695 vasta
834 1633 1010 1711 Charybdis,

124 1715 281 1794 „Proluitt
302 1716 411 1792 Optato
427 1717 600 1777 conduntur
613 1717 776 1793 Thybridis
791 1719 889 1794 alveo,

124 1800 251 1877 „Securi
265 1801 367 1876 pelagi
382 1809 474 1885 atque
488 1801 557 1861 mei.
592 1801 675 1861 Mars
691 1804 821 1877 perdere
835 1810 956 1877 gentem

124 1886 309 1961 „immanem
322 1886 484 1961 Lapithum
496 1886 606 1957 valuit;
630 1888 783 1947 concessit
797 1887 828 1946 in
843 1888 903 1947 iras
1029 1895 1081 1949 305

123 1971 215 2047 „Ipse
230 1970 323 2030 dudm
337 1971 492 2045 antiquam
505 1971 624 2046 genitor
638 1971 796 2047 Calydona
809 1971 939 2031 Dionaea
989 1977 1082 2045 [teml

123 2055 232 2130 „Quod
245 2056 349 2130 scelus
363 2064 415 2115 aut
428 2055 574 2131 Lapithas
590 2062 712 2127 tantum,
728 2063 780 2117 aut
791 2055 950 2131 Calydona
962 2070 1081 2115 meren·

123 2140 202 2215 „Ast
217 2155 284 2215 ego,
300 2156 411 2214 magna
424 2140 507 2200 Iovis
523 2140 644 2214 coniux,
659 2140 701 2199 nil
714 2140 853 2215 linquere
867 2140 1007 2199 inausum

125 2222 229 2298 „Quae
243 2225 328 2299 potui
342 2224 457 2295 infelix,
474 2240 552 2299 quae
567 2232 677 2283 memet
690 2226 721 2284 in
736 2225 838 2284 omnia
852 2224 936 2299 verti,
1027 2231 1081 2287 309

123 2306 427 2383 „VincorabAeneat
442 2308 529 2381 Quod
537 2309 907 2369 simcanuminanonsunt
914 2316 1018 2385 [quarn
1024 2310 1080 2368 est.

124 2389 353 2470 „Magnasatis3
377 2392 512 2452 dubitem
523 2393 606 2454 haud
614 2395 756 2468 equidem
767 2394 930 2470 implorare
938 2394 1021 2470 quod
1030 2409 1079 2453 us

123 2473 280 2553 „Flectere
294 2475 321 2534 si
335 2492 455 2550 nequeo
470 2476 624 2553 Super0s;
646 2479 822 2539 Acheronta
835 2478 977 2539 movebo.
1027 2486 1080 2541 312

123 2559 211 2639 „Non
226 2557 346 2619 dabitur
359 2561 471 2636 regnis,
487 2568 563 2637 esto,
579 2562 741 2638 prohibere
755 2563 879 2637 Latinis,

122 2645 245 2724 „Atque
258 2643 382 2704 immota
395 2652 497 2705 manet
511 2647 580 2707 latis
594 2647 721 2707 Lavinia
735 2648 862 2718 coniux;

123 2732 184 2807 „At
198 2728 318 2789 trahere
332 2736 424 2805 atque
438 2746 541 2790 moras
556 2731 646 2791 tantis
661 2731 731 2791 licet
744 2732 860 2792 addere
874 2731 976 2804 rebus,
1027 2739 1081 2793 als

121 2816 184 2891 „At
198 2814 267 2873 licet
281 2813 439 2875 amborum
453 2816 587 2891 populos
603 2816 785 2875 exscindere
799 2830 914 2890 regum.

123 2898 207 2975 „Hac
221 2914 316 2973 gener
329 2906 420 2976 atque
436 2914 526 2960 socer
540 2903 650 2959 coeant
663 2900 805 2959 mercede
820 2914 954 2959 suorum.

123 2980 298 3059 „Sanguine
311 2983 441 3044 Troiano
459 2991 489 3044 et
501 2984 613 3044 Rutulo
629 2983 783 3058 dumhere,
798 2984 895 3057 virgo,

122 3066 180 3142 „Et
192 3067 319 3127 Bellona
332 3075 434 3128 manet
447 3075 478 3129 te
491 3068 641 3143 pronuba.
676 3068 738 3128 Nec
753 3069 820 3127 luce
835 3072 950 3127 tanturn

121 3150 257 3228 „Cisseis
271 3168 444 3227 praegnans
459 3153 547 3227 ignes
562 3154 654 3213 enixa
667 3152 800 3228 iugales3
1027 3160 1082 3216 illc

120 3235 219 3312 „an
233 3235 315 3294 idern
328 3237 442 3296 Veneri
456 3242 563 3311 partus
578 3253 654 3296 suus
669 3244 700 3296 et
712 3237 796 3297 Paris
811 3236 898 3307 alter„

121 3318 353 3394 „Funestaeque
367 3321 475 3380 iterum
488 3320 628 3381 recidiva
641 3320 675 3380 in
684 3320 846 3398 Pergama
852 3318 1004 3381 meuses

116 3406 202 3464 Haec
215 3403 267 3465 ubi
281 3403 362 3463 dicta
378 3404 464 3466 dedit
469 3430 479 3478 ς
503 3410 609 3469 terras
621 3406 794 3470 horrenda
805 3402 939 3485 petrau
