2326 3780
368 143 561 205 AENEIDOS
582 145 655 206 LIB.
669 148 719 207 111.
959 146 1020 211 129

67 299 141 374 „Da
158 305 253 373 pater,
268 299 434 374 augurium,
451 307 543 374 atque
557 299 665 359 animis
679 300 804 359 illabere
819 233 997 390 nostris·

67 383 129 441 Vix
144 398 181 441 ea
195 383 274 443 latus
290 399 388 454 eram,
411 392 541 443 tremere
555 384 658 443 omnia
671 385 739 443 visa
752 393 886 460 repente,
985 392 1020 447 90

67 465 248 541 Liminaque
261 468 428 541 laurusque
443 468 501 541 dci,
515 474 660 543 totusque
674 469 791 527 moveri

66 550 156 610 Mons
172 552 293 624 circum,
309 558 339 611 et
352 552 468 626 mugire
482 551 584 627 adytis
600 552 717 611 cortina
730 552 868 612 reclusis

68 634 219 695 Submissi
241 635 370 711 petimus
386 643 504 708 terram,
522 642 552 694 et
566 651 628 695 vox
642 636 736 695 fertur
749 637 789 695 ad
804 652 910 696 aures:

66 719 281 793 „Dardanidae
296 719 372 793 duri,
389 735 467 795 quac
482 735 540 779 vos
556 736 575 778 a
589 720 684 795 stirpe
697 727 856 795 parentum

66 802 185 877 „Prima
199 804 265 863 tulit
277 804 376 877 tellus,
392 804 500 863 eadem
514 819 572 863 vos
587 803 681 863 ubere
695 804 774 863 lacto
985 812 1018 867 95

66 888 224 962 „Accipiet
237 888 382 947 reduces:
405 888 560 963 antiquam
575 888 725 963 exquirite
739 895 873 947 matrem.

65 970 140 1045 „Hic
156 971 265 1031 domus
279 972 404 1031 Aeneae
419 972 540 1051 cunctis¹
552 971 755 1031 dominabitur
770 972 841 1046 oris,

65 1054 121 1127 „Et
135 1056 197 1114 nati
212 1062 360 1130 natorum,
377 1063 406 1115 et
421 1056 472 1131 qui
486 1063 651 1116 nascentur
665 1056 703 1115 ab
719 1056 808 1115 illis.“

64 1138 148 1199 Haec
160 1139 313 1215 Phoebus,
329 1141 486 1214 mixtoque
500 1140 608 1216 ingens
621 1148 728 1201 exona
741 1140 868 1201 tumultu

62 1223 198 1297 Laetitia,
215 1230 244 1283 ct
258 1226 367 1299 cuncti,
384 1241 463 1299 quae
478 1225 538 1285 sint
553 1241 590 1284 ea
604 1226 734 1297 moenia,
750 1232 906 1300 quaerunt,
943 1270 950 1283 .
970 1235 1018 1287 100

64 1306 129 1380 Quo
144 1306 286 1368 Phoebus
302 1316 392 1369 vocet
407 1315 542 1369 errantes
557 1310 720 1384 iubeatque
734 1309 855 1370 reverti.

62 1390 139 1452 Tum
153 1394 279 1467 genitor,
295 1402 432 1453 veterum
445 1394 575 1453 volvens
591 1401 786 1452 monumenta
799 1395 941 1467 virorum,

64 1476 205 1550 „Audita
222 1492 240 1537 0
255 1482 431 1553 proceres,“
445 1478 487 1536 ait
501 1485 551 1551 „et
565 1493 638 1552 spes
655 1477 763 1536 discite
777 1485 907 1555 vestras,

65 1558 173 1633 „Creta
187 1547 269 1621 lovis
283 1563 384 1636 magni
400 1563 501 1620 medio
517 1562 595 1620 iacet
609 1560 709 1620 insula
720 1567 824 1635 ponto,

65 1643 173 1718 „Mons
187 1644 298 1705 Idaeus
313 1647 365 1705 ubl
380 1653 410 1705 et
424 1646 521 1719 gentis
538 1644 690 1704 cunabula
703 1652 842 1713 nostram
969 1654 1017 1706 105

65 1726 209 1801 „Centum
223 1730 316 1789 urbes
330 1730 467 1789 habitant
481 1746 617 1804 magnas,
633 1729 785 1788 uberrima
797 1743 905 1802 regna:

63 1810 234 1885 „Maximus
249 1815 332 1873 unde
347 1822 442 1889 pater,
459 1814 485 1872 si
499 1815 555 1873 rite
570 1813 674 1872 audita
686 1812 841 1882 recordor,

63 1895 215 1969 „Teucrus
230 1898 384 1957 Rhoeteas
399 1898 529 1972 primmn
545 1904 592 1958 est
606 1897 753 1956 advectus
769 1897 808 1954 ad
825 1911 904 1969 oras,

62 1978 264 2054 „Optavitque
278 1985 379 2041 locum
393 1998 498 2056 regno.
534 1982 675 2041 Nondmn
690 1981 776 2040 Ilium
791 1986 821 2038 et
835 1995 922 2038 arces

62 2064 265 2139 „Pergameae
280 2074 441 2136 steterant;
465 2066 641 2126 habitabant
655 2065 786 2125 vallibus
802 2064 880 2123 imis.
967 2072 1016 2125 110

62 2148 158 2223 „Hinc
173 2156 269 2209 mater
283 2151 391 2211 cultrix
406 2150 548 2227 Cybelae,
564 2150 809 2226 Corybantiaque
824 2163 904 2221 aera,

31 2232 36 2243 '
62 2233 268 2308 „idaeumque
282 2251 405 2306 nemus3
427 2235 499 2294 hinc
512 2235 577 2294 lida
591 2235 711 2294 silentia
725 2233 841 2313 sacris„

62 2318 119 2392 „Et
133 2318 224 2378 iuncti
240 2335 361 2391 currum
376 2320 517 2380 dominae
532 2318 653 2378 subiere
667 2319 784 2378 leones.

62 2402 161 2477 „Ergo
178 2403 257 2477 agite
273 2410 311 2478 et,
327 2404 431 2485 divdm
446 2404 560 2463 ducunt
576 2417 637 2477 qua
651 2402 746 2477 iussa,
762 2416 934 2476 sequamur,

62 2487 238 2561 „Placemus
254 2495 372 2562 ventos,
389 2496 419 2547 et
434 2487 548 2547 Gnosia
561 2502 656 2561 regna
670 2492 826 2561 petamus!
966 2494 1015 2547 115

60 2572 143 2648 „Nec
158 2574 249 2646 longo
266 2572 379 2632 distant
393 2588 501 2632 cursu:
523 2572 616 2630 modo
631 2570 746 2645 Iupiter
760 2568 850 2640 adsit,

62 2658 180 2731 „Tertia
195 2658 247 2717 lux
262 2658 393 2717 classem
408 2656 541 2716 Cretaeis
558 2650 645 2715 sistet
659 2655 688 2712 in
706 2656 797 2714 oris.“

61 2741 113 2801 Sic
129 2742 219 2816 latus,
235 2742 359 2801 meritos
375 2741 435 2800 aris
450 2741 593 2800 mactavit
606 2740 749 2809 honores,

60 2826 191 2884 Taurum
204 2826 354 2902 Neptuno,
370 2832 488 2885 taurum
502 2824 564 2894 tibi,
581 2823 707 2899 pulcher
720 2822 842 2896 Apollo,

59 2910 183 2985 Nigram
196 2911 296 2970 Hiemi
310 2911 469 2986 pecudem,
485 2908 634 2984 Zephyris
649 2906 788 2979 felicibus
805 2904 913 2965 albam.
963 2913 1014 2965 120

102 2993 196 3054 Fama
210 2996 302 3069 volat,
317 2998 439 3070 pulsum
453 2993 555 3068 regnis
571 2992 707 3052 cessisse
722 2987 857 3067 paternis

60 3078 226 3139 Idomenea
241 3081 358 3150 ducem,
376 3080 559 3152 desertaque
572 3077 660 3137 litora
675 3075 790 3146 Cretae,

60 3162 156 3223 Hoste
171 3180 283 3223 vacare
297 3164 416 3235 donros,
432 3164 586 3237 sedesque
600 3161 722 3221 adstare
736 3158 868 3218 relictas.

59 3246 239 3322 Linquimus
256 3232 398 3323 Ortygiae
413 3253 530 3322 portus,
547 3248 718 3321 pelagoque
732 3243 882 3315 volamus,

59 3331 306 3408 Bacchatamque
319 3333 398 3406 iugis
412 3331 519 3389 Naxon
535 3330 724 3404 viridemque
738 3328 905 3398 Donusam,
962 3333 1014 3387 tut

60 3414 192 3476 Olearon
207 3417 389 3492 niveamque
401 3416 512 3491 Paron,
528 3429 724 3493 sparsasque
736 3428 794 3489 par
810 3424 935 3482 aequor

97 3514 254 3560 mucimus.
817 3501 841 3554 ‘i
