2326 3780
100 273 138 327 lV
424 271 734 328 lNTRODUCTlO.

98 424 168 479 alios
185 424 266 478 etiam
282 424 441 495 magistros,
458 430 488 478 ul
501 423 614 478 Furium
625 423 803 490 Bibaculum‚
817 421 945 478 habuerit
959 422 1053 477 ineer-

97 514 156 561 tum
170 514 221 561 est.
249 508 306 564 vid.
322 508 412 580 lloyn.
428 508 467 563 ud
478 507 578 563 Donat.
597 506 647 561 Vit.
672 507 746 579 Virp.
763 507 791 563 7.
809 513 835 560 et
854 506 1006 562 Weicherl.
1023 508 1054 562 in

97 591 247 646 Poetarum
258 592 347 646 Latin
360 595 420 648 uitis
430 598 456 646 et
465 593 619 645 carminum
630 593 724 662 retiqq.
745 607 772 660 p.
787 587 859 649 362.
904 590 966 645 Una
987 606 1053 644 eum

96 674 215 746 Virgilio
225 675 341 730 Varium
353 678 399 731 vel
410 676 516 729 Varum
529 674 669 745 quendam
680 673 798 746 Syronis
811 673 959 744 disciplina
969 689 1054 728 usum

98 776 178 826 esse,
202 758 325 814 Donatus
349 759 410 813 Vita
434 758 509 829 Vtra.
524 766 548 825 §.
565 758 613 817 79.
630 765 657 813 et
671 756 787 814 Servius
807 757 846 812 od
861 758 921 812 Ect.
938 757 983 810 Vl.
1001 755 1052 816 13.

96 841 279 897 tradiderunt.
314 841 381 909 Quis
397 843 442 897 ille
458 843 555 909 luerit,
573 858 629 898 non
650 843 716 896 salis
733 843 827 913 liquet.
868 842 930 896 Non
952 841 1053 895 intelli-

98 926 220 998 gendum
237 942 300 980 esse
316 927 345 980 L.
360 926 476 980 Varium
490 932 618 997 poetam,
640 925 819 982 Weiehertus
836 926 870 980 de
886 926 918 980 L.
937 924 1017 979 Varii
1027 932 1054 979 et

98 1010 185 1067 cassa
194 1009 227 1064 P.
248 1012 302 1064 uite
312 1014 337 1066 et
348 1025 462 1065 cormm.
477 1027 504 1081 p.
521 1009 570 1069 21.
586 1025 647 1081 sqq.
663 1009 730 1065 inde
745 1011 889 1082 probavit,
914 1009 990 1079 quod
1005 1009 1051 1062 ille

98 1099 188 1148 aetate
209 1094 294 1147 multo
316 1093 451 1165 grandior
473 1094 522 1147 luit
536 1093 662 1165 Virgilio.
713 1091 831 1150 Servius
850 1099 965 1148 testatur
987 1109 1051 1146 eum

98 1178 185 1231 luisse
199 1176 331 1232 Alfenum
345 1178 467 1245 Varum,
484 1193 566 1247 quem
581 1182 665 1249 poeta
679 1178 707 1231 in
721 1179 828 1249 Eeloga
843 1183 922 1232 sexta
935 1184 961 1230 et
976 1192 1052 1230 nona

98 1261 365 1316 commemoraverit.
389 1259 428 1316 Cl.
445 1260 529 1315 Voss.
551 1262 590 1317 od
608 1261 668 1316 Ecl.
684 1263 730 1316 VI.
748 1262 776 1320 6.
794 1268 820 1315 et
833 1258 885 1319 31.
902 1268 928 1314 et
943 1257 1051 1331 Spohn.

96 1344 205 1415 Prolcp.
217 1344 256 1399 od
266 1361 351 1400 carm.
371 1345 455 1400 bucol.
470 1362 499 1417 p.
513 1341 563 1403 34.
587 1344 639 1412 Qui
660 1345 774 1415 quidem
786 1343 904 1399 Alfenus
919 1344 1010 1399 Varus
1027 1345 1052 1397 si

98 1442 155 1483 non
170 1427 300 1484 diversus
316 1434 358 1483 esl
368 1430 402 1483 ab
419 1445 469 1497 eo,
486 1444 569 1499 quem
583 1428 711 1482 Horatius
726 1429 754 1481 in
769 1426 866 1482 Saliris
880 1443 1052 1482 commemo-

97 1511 184 1579 ravit,
200 1510 338 1567 Cremona
348 1518 433 1580 ortus,
450 1513 541 1583 prima
551 1512 694 1570 iuventute
705 1518 802 1568 tonsor
813 1511 871 1581 suit,
885 1511 937 1565 sed
951 1516 1052 1580 postea

97 1594 236 1666 stipendia
250 1596 352 1653 mereri
363 1596 455 1668 eoepit
466 1602 549 1667 atque
561 1596 600 1653 ad
611 1601 716 1653 mntem
727 1596 891 1667 dignitatem
904 1594 1052 1649 militarem

97 1684 213 1735 evectus
228 1684 286 1752 est,
310 1686 340 1735 ut
354 1697 379 1736 a.
395 1674 467 1741 714.
483 1685 517 1738 ab
536 1680 690 1739 Octaviano
709 1680 813 1737 Galliae
829 1677 1050 1752 Transpadanae

96 1762 306 1835 praeficeretur.
344 1764 424 1823 Circa
441 1782 545 1822 annum
560 1764 631 1827 716.
653 1765 758 1821 obiisse
778 1764 904 1833 videtur,
933 1764 1050 1832 eiusque

97 1848 171 1903 filius
183 1852 302 1907 tortasse
312 1851 361 1905 luit
371 1850 401 1904 P.
416 1850 535 1907 Alienus
544 1849 638 1905 Varus
650 1848 728 1904 lCtus
740 1848 919 1903 clarissimus.
941 1863 969 1901 v.
981 1845 1050 1900 lahn

97 1932 247 1989 odHorot
264 1933 313 1988 Od
328 1932 413 1993 1.18.
429 1930 579 1987 etadSut.
594 1928 659 1989 13.
676 1927 748 1989 180.
764 1935 792 1985 et
811 1930 841 1983 in
852 1930 964 1984 Annali.
977 1929 1049 1999 plait.

97 2015 214 2085 ctpaad.
236 2029 263 2070 a.
280 2013 371 2075 1828.
386 2016 444 2069 vol.
458 2014 505 2069 Vl.
519 2030 548 2085 p.
561 2008 634 2073 887.
646 2029 688 2085 sq.
718 2011 895 2069 Weieherlus
910 2029 980 2069 vero
996 2014 1013 2067 1.
1025 2029 1049 2068 c.

96 2116 126 2171 p.
134 2096 184 2157 27.
192 2096 297 2159 61127.
305 2112 366 2168 sqq.
381 2097 491 2169 Virgilii
501 2097 723 2168 condiscipulum
735 2096 897 2168 Galliaeque
908 2096 1049 2167 Transpa-

98 2181 189 2239 danae
210 2182 383 2253 preelectum
404 2182 491 2239 luisse
512 2182 605 2237 statuit
619 2181 651 2249 Q.
665 2182 771 2237 Attium
784 2180 906 2250 Varum,
929 2182 975 2251 qui
994 2182 1050 2236 iam

97 2267 150 2321 sub
169 2265 239 2321 Iulio
252 2264 375 2321 Caesare
397 2265 424 2320 in
439 2265 527 2321 Gallia
541 2266 838 2338 praelectusequitum
854 2270 994 2321 meruerat
1009 2261 1049 2337 [v.

99 2348 179 2405 Caes.
199 2348 260 2405 dcli.
282 2348 350 2405 Gall
366 2348 436 2404 Vlll.
453 2348 501 2410 28.
518 2357 546 2407 et
567 2350 626 2406 bell
644 2353 694 2406 cio.
716 2349 760 2407 111.
779 2347 859 2425 87],
881 2356 964 2421 atque
985 2356 1050 2421 post

99 2432 229 2490 Caesaris
244 2448 344 2489 nerem
351 2433 495 2490 Octaviani
509 2440 603 2505 partes
617 2441 730 2498 secutus
741 2440 792 2503 est,
807 2434 885 2488 euius
896 2434 975 2488 iussu
985 2440 1050 2504 post

96 2532 227 2589 pugnam,
238 2516 383 2581 Actiacam
397 2516 515 2573 Athenis
531 2516 658 2573 Cassium
673 2518 855 2576 pennensem
874 2518 1048 2573 interfecisse

98 2601 205 2657 dieitur.
240 2618 268 2658 v.
283 2602 379 2663 Aaron
398 2602 548 2658 adflarat
567 2605 645 2674 epist.
665 2603 685 2657 Ι.
701 2598 729 2661 4.
746 2602 774 2663 2.
790 2607 818 2657 et
830 2599 979 2657 Ruhnken.
1012 2602 1052 2656 ud

104 2684 195 2741 Vellei.
209 2684 272 2741 Pal.
288 2686 320 2741 11.
335 2684 387 2747 88.
426 2684 484 2742 Sed
503 2693 700 2758 praeterquam
720 2686 796 2757 quod
811 2684 904 2743 Servii
923 2686 1047 2741 testimo-

98 2768 175 2823 nium
195 2768 261 2825 huie
282 2770 435 2842 suspicioni
455 2770 639 2839 adversatur,
661 2769 692 2839 Q.
714 2771 805 2825 Attius
821 2770 915 2825 Varus
929 2769 1047 2840 Virgilio

98 2858 188 2909 aetate
210 2855 325 2909 multum
346 2855 495 2910 antecessit
513 2860 596 2925 alque
611 2854 667 2910 iam
680 2856 839 2927 praelectus
857 2854 971 2909 militum
986 2855 1045 2922 lull,

98 2952 162 2993 oum
183 2944 266 3009 poeta
287 2939 336 2995 vix
351 2944 470 3009 quatuor
489 2954 577 2993 annos
593 2944 674 2993 natus
689 2945 772 2995 esset.
813 2938 927 2994 Praeter
941 2937 1049 2992 Varum

98 3020 353 3077 etiamCornelium
368 3023 490 3091 Gallum,
513 3024 559 3092 qui
581 3039 655 3077 anno
677 3024 785 3079 circiter
800 3021 870 3085 688.
893 3029 974 3077 natus
996 3030 1048 3091 cst,

99 3121 154 3159 una
175 3122 238 3161 cum
258 3105 375 3177 Virgilio
391 3104 509 3177 Syronis
532 3106 678 3179 disciplina
701 3123 783 3162 usum
805 3124 883 3174 esse,
904 3104 1048 3178 Spohnius

98 3190 187 3243 statui!
197 3189 297 3260 =·quod
312 3205 366 3259 quo
383 3191 443 3245 iure
459 3191 568 3261 lecerit,
583 3207 639 3246 non
655 3191 722 3247 satis
736 3197 862 3263 apparet.
897 3189 1049 3245 Praeterea

96 3270 274 3328 Weichertus
295 3274 312 3327 1.
330 3290 353 3329 c.
371 3292 398 3346 p.
414 3271 466 3335 89.
482 3276 564 3330 etiam
581 3274 613 3343 Q.
629 3275 772 3331 Horatium
793 3276 922 3330 Flaccum
943 3274 998 3328 iam
1019 3274 1049 3328 in

97 3356 207 3428 Virgilii
230 3357 353 3413 notitiam
374 3376 408 3415 ac
428 3360 659 3415 consuetudinem
678 3360 792 3417 venisse
814 3357 970 3430 suspicatus
996 3365 1048 3427 est,

97 3447 246 3513 antequam
261 3457 334 3498 anno
350 3444 458 3503 circiter
472 3442 543 3505 709.
576 3442 702 3499 Athenas
724 3442 893 3499 discesserit.
917 3440 976 3498 Sed
1002 3457 1048 3496 re·

96 3526 166 3583 otius
182 3526 299 3583 tortasse
314 3534 449 3598 statuunt,
473 3530 520 3600 qui
537 3544 610 3584 anno
622 3524 693 3587 718.
707 3527 819 3582 demum
830 3526 973 3581 Horatium
983 3525 1048 3580 Vir-
