2326 3780
130 230 195 297 298
404 231 437 292 P.
459 230 624 293 VlRGlLll
644 230 854 301 MARONIS

131 384 213 460 „Nec
228 389 328 443 tecum
343 396 429 442 meus
443 381 522 443 huec
536 383 656 458 pepigit
670 382 758 449 mihi
774 392 919 454 foedera
931 395 1025 455 Luusm

130 466 251 543 „Unum
265 464 335 539 hoc,
351 466 448 542 persi
463 481 524 542 quo
538 474 585 525 esi
598 468 696 530 victis
712 476 823 536 venia
838 477 985 552 hostibus
996 492 1032 537 om.

131 551 270 627 „corpus
285 551 377 610 humo
393 550 510 625 patiere
525 551 595 625 tegi.
632 551 714 615 Soio
731 559 865 621 acerbe
879 580 1004 624 meorum

131 635 354 711 „circumstare
369 634 455 694 odia:
476 633 566 708 hunc,
584 650 649 710 oro,
665 638 824 704 defende
841 646 984 721 furorem,
1035 650 1052 703 ti

131 719 188 794 „Et
201 735 251 779 me
265 726 438 779 consortem
452 718 514 777 neti
529 719 667 779 concede
684 728 888 800 sepulcro.“

130 802 215 863 Haec
230 803 370 879 loquitur,
386 802 551 877 iuguloque
565 802 648 862 haud
662 805 798 871 inscius
816 816 939 892 accipit
953 830 1035 879 ensel-

129 886 326 963 Undentique
340 887 471 947 enimam
485 886 626 946 diffundit
641 888 671 947 in
688 906 787 954 arma
806 912 938 961 cruore.

505 1030 720 1042 ——u——

369 1147 398 1209 r.
432 1146 624 1212 vmcuu
659 1148 878 1224 nunonis

284 1267 315 1358 l
374 1265 405 1359 E
465 1266 496 1360 N
556 1268 586 1362 ll
646 1268 664 1361 l
727 1270 766 1365 Ι)
839 1278 876 1374 0
941 1282 967 1377 S

379 1415 517 1481 LIBER
550 1419 865 1492 UNDECIMUS.

131 1548 285 1610 Oceanum
299 1550 415 1612 interea
429 1567 557 1627 surgens
572 1553 695 1613 Aurora
708 1558 870 1635 reliquit=

129 1637 261 1709 Aeneas,
278 1652 462 1712 quemquam
476 1644 506 1696 et
519 1637 612 1696 sociis
629 1637 709 1697 dere·
717 1646 862 1720 tempus
880 1651 1029 1712 humandis

128 1717 332 1793 Praecipitant
346 1735 446 1794 curae,
461 1719 641 1794 turbatoque
656 1721 773 1785 sunere
791 1747 892 1795 mens
910 1744 968 1810 est,

128 1802 210 1863 Vota
225 1802 315 1862 deiim
331 1806 428 1879 primo
444 1804 542 1863 victor
555 1804 696 1865 solvebat
709 1806 798 1871 Εοο.

127 1886 284 1961 Ingentem
299 1903 443 1962 quercum
459 1888 571 1947 decisis
585 1888 725 1963 undique
740 1899 851 1960 ramis

129 1969 289 2030 Constituit
303 1972 426 2046 tumulo,
442 1972 648 2047 fulgentiaque
662 1972 769 2061 induit
785 1996 895 2061 armo,

127 2052 259 2113 Mezenti
274 2055 361 2115 ducis
376 2056 512 2129 exuvias,
528 2055 590 2129 tibi,
605 2072 725 2131 magne,
742 2068 938 2147 tropaeum,

127 2137 332 2213 Bellipotens3
355 2147 439 2215 aptit
452 2146 590 2199 rorantes
605 2142 759 2214 sanguine
774 2152 912 2231 cristas,

126 2222 261 2296 Teluque
274 2230 381 2283 trunca
395 2222 451 2282 viri
466 2230 496 2283 et
509 2222 557 2283 bis
572 2239 629 2283 sex
641 2224 776 2288 thoraca
794 2237 939 2309 petitum

126 2304 364 2382 Perlossmuque
378 2307 464 2381 locis
481 2307 672 2383 clipeumque
687 2324 731 2369 ex
745 2328 830 2377 uere
848 2322 997 2385 sinistrae
1050 2326 1060 2375 1·

128 2388 273 2465 Subligut,
290 2397 381 2467 utque
395 2407 501 2452 ensem
516 2392 594 2452 eollo
610 2396 779 2467 suspendit
797 2402 973 2469 eburnum.
1071 2465 1075 2474 .

126 2472 201 2532 Tum
216 2474 319 2535 socios
334 2508 346 2516 -
361 2491 493 2552 namque
508 2476 607 2535 omnis
621 2490 690 2536 eum
705 2479 835 2555 stipatu
850 2492 982 2566 tegebat
1074 2552 1077 2557 .

126 2556 225 2615 Turba
240 2557 350 2617 ducum
365 2592 376 2600 -
393 2560 438 2619 sic
453 2560 601 2635 incipiens
614 2559 757 2622 hortetur
773 2582 941 2638 ovantem
1073 2559 1077 2579 ¹

125 2639 278 2715 „Maxima
292 2657 342 2701 res
357 2641 474 2717 ellectu
490 2644 563 2703 viri=
585 2643 674 2704 timor
688 2649 797 2710 omnis
816 2656 951 2735 abesto,

124 2722 234 2800 „Quod
249 2733 404 2800 superest:
426 2727 503 2787 haec
519 2735 589 2788 suni
602 2727 704 2803 spolio
715 2738 749 2791 et
762 2734 808 2795 de
821 2756 905 2817 rege
917 2742 1036 2823 superbe
1050 2744 1064 2795 i

124 2807 303 2883 „Primitiae
318 2810 522 2886 manibusque
536 2810 612 2871 meis
627 2812 805 2879 Mezentius
824 2822 883 2887 hic
900 2836 961 2891 est.

124 2892 229 2967 „Nune
243 2892 301 2952 iter
313 2893 354 2952 ed
368 2910 472 2969 regem
485 2895 575 2956 nobis
589 2912 761 2971 murosque
776 2902 939 2973 Latinose

123 2976 237 3051 ,Arme
251 2985 356 3052 parate
370 2979 488 3051 animis,
504 2987 534 3039 et
548 2995 605 3055 spe
619 2986 816 3055 praesumite
832 2990 968 3074 bollum,

123 3059 186 3134 „Ne
201 3077 262 3136 qua
276 3077 361 3121 mora
375 3062 509 3137 ignaros,
524 3063 576 3123 ubi
591 3064 720 3139 primum
736 3070 869 3137 vellere
885 3080 978 3159 signe
1076 3121 1080 3140 ,

122 3144 313 3218 „Adnuerint
326 3147 431 3222 superi
445 3147 620 3223 pubemque
634 3148 774 3213 educere
789 3163 927 3243 eastris,
1047 3162 1064 3217 it

121 3226 298 3303 „impedieq
314 3246 466 3305 segnesve
480 3237 561 3291 metu
575 3232 727 3293 sententio
740 3242 868 3307 tardet,

120 3308 260 3383 „interea
275 3314 378 3374 socios
393 3314 610 3390 inhumataque
624 3331 762 3391 corpora
777 3330 895 3395 ten-ae

120 3391 329 3471 ‚‚Mandemus,
346 3398 398 3472 qui
414 3399 500 3459 solus
514 3399 615 3460 honos
630 3399 818 3470 Acheronte
835 3416 904 3477 sub
919 3418 980 3481 imo
992 3420 1035 3479 ed.

39 3477 73 3566 fl
120 3476 214 3557 „lte,“
230 3479 275 3543 uit
287 3480 450 3559 „egregius
462 3482 596 3551 enimus,
607 3498 689 3551 quue
699 3494 870 3559 sunum
877 3502 971 3565 mm„
