2326 3780
97 234 212 292 XXXIV
418 232 728 292 INTRODUCTIO.

94 388 320 461 petulantiusque
335 388 592 461 aggrediebantur?
628 388 682 457 Qui
693 387 822 443 homines
833 402 895 443 non
906 389 1017 446 mirum
1028 396 1063 446 est

96 472 173 545 quod
188 475 270 529 etiam
283 473 433 545 Virgilium
447 474 576 545 aggressi
592 480 663 529 sunt
699 472 795 529 Refert
809 478 910 529 autem·
922 472 1061 531 Donatus:

96 558 227 613 ‘Prolatis
248 560 387 613 Breeoiiers
405 560 589 615 innominatus
609 559 720 631 quidam
741 560 837 628 [quem
853 556 1009 616 Maevium
1023 567 1062 615 aut

96 642 214 699 Bavium
233 644 334 710 luisse,
355 642 510 699 Weiehert.
531 645 549 699 t.
561 659 585 698 c.
600 660 630 716 p.
639 637 713 702 314.
729 643 902 713 suspicatur]
919 648 1062 718 rescripsi

95 728 296 797 Andereliea,
317 727 388 782 duas
397 728 476 782 modo
488 730 611 800 eclogas,
632 728 683 783 sed
700 728 896 798 insulsissime,
920 718 1060 811 stuppis}

96 824 165 885 σας,
185 828 303 884 quarum
314 814 420 883 prieris
431 814 535 868 aritium
549 818 603 867 est:

178 896 289 968 Tityre,
312 897 335 951 si
350 901 416 968 toga
430 896 512 953 ealda
524 897 572 952 tibi
588 902 645 966 est,
667 912 723 969 quo
739 896 860 968 tegmine
876 898 964 969 tagi?

95 982 247 1055 squaru.-

175 1064 226 1120 llie
240 1064 307 1121 mihi
321 1064 470 1135 Damoeta,
492 1066 584 1120 cuium
598 1082 703 1137 peeus,
726 1082 798 1120 anne
812 1064 971 1123 Latinum?
1087 1096 1091 1105 ·

176 1149 255 1218 Non3
276 1167 378 1206 verum
391 1151 519 1222 Aegonis
534 1152 621 1205 nostri
636 1152 677 1206 sie
692 1166 757 1206 rure
772 1152 935 1221 loquuntur.

96 1238 189 1304 Alius,
210 1236 342 1290 recitante
361 1250 397 1290 aa
417 1236 625 1313 eaneorqiciss
655 1234 754 1290 Nudus
776 1252 840 1305 ara,
868 1253 937 1293 sere
961 1238 1055 1303 nudas,

96 1320 219 1375 uiuent:
234 1319 351 1374 habebis
362 1320 481 1390 frigora,
498 1320 614 1375 lebrem.
635 1319 687 1375 Est
696 1321 776 1375 etium
789 1321 928 1376 adversas
937 1322 1055 1378 Aenrita

97 1404 164 1460 ester
182 1402 295 1459 Caruilii
310 1402 443 1473 Pictoris,
464 1406 539 1459 mario
555 1404 785 1460 Aeneidomastia.
820 1404 861 1459 M.
879 1405 1056 1479 Vqrsarriusa

96 1488 257 1544 Maecenate
267 1486 1055 1565 esemsuppesitumuppeitabatnouaeauaogqliugrepeu

96 1580 195 1641 terem,
216 1589 272 1628 aren
288 1574 407 1628 naides
423 1586 511 1645 aeque
527 1574 622 1644 exitis,
643 1574 695 1628 sed
712 1588 751 1628 en
767 1574 956 1630 communibus
974 1576 1057 1631 aeriis

96 1663 178 1730 atqree
193 1658 252 1713 ideo
271 1658 393 1712 tabentis.
429 1656 589 1713 Herennius
602 1652 706 1713 tuntum
716 1659 780 1712 vitia
791 1660 848 1713 eius
858 1660 1055 1729 conuentus.

96 1744 185 1799 Klotz.
199 1743 234 1799 de
251 1743 417 1798 oeremnetia
434 1740 542 1814 Virgilii
553 1743 581 1797 in
598 1740 742 1815 opusculis
752 1759 812 1797 ear.
824 1758 932 1814 amum.
947 1760 978 1815 p.
989 1740 1055 1807 242,

98 1836 125 1885 et
145 1828 264 1884 Herder.
285 1828 313 1881 in
333 1825 457 1883 teritisen
482 1827 614 1882 Wc'itdern
632 1827 665 1881 11.
686 1826 743 1894 2.];
771 1826 892 1882 Perilius
907 1828 1056 1883 Faustinus

95 1914 186 1987 furta.
218 1911 293 1967 Sunt
310 1916 337 1966 et
354 1910 386 1977 Q.
401 1899 1055 1983 OemviAuiti‘Ouoiotslerituvoetouqumiae,

97 1998 193 2069 quilius
223 2001 405 2063 anaotrmtru,
434 2011 501 2068 quos
528 2001 555 2051 et
573 1996 647 2050 uncte
666 2010 763 2050 vernes
785 1997 974 2051 transtulerit)
1020 1994 1055 2051 Cl.

97 2080 249 2135 Weiehert.
266 2096 294 2151 p.
303 2078 374 2139 273.
390 2096 451 2151 sqq.
486 2079 566 2134 Alius
577 2079 796 2151 Virgiliomastix
806 2080 977 2152 Eelogeell.
995 2097 1056 2138 ver·

98 2182 161 2220 sum
174 2161 224 2225 23.
242 2164 283 2219 sie
298 2164 474 2220 distinxerat:
504 2164 564 2220 Lae
585 2164 652 2218 milti
671 2180 727 2219 non
747 2170 850 2219 aestate
865 2154 983 2234 nonen,
1004 2180 1057 2221 aen

96 2250 219 2322 seqare:
241 2249 313 2321 defit.
349 2250 498 2305 Praeterea
512 2248 635 2303 Donatus
651 2253 678 2302 et
694 2246 810 2304 Servius
827 2249 975 2303 interillos
991 2248 1056 2305 Cor·
1089 2222 1103 2278 ⁸

98 2334 220 2388 nifleium
235 2333 342 2389 Gallum
356 2338 588 2400 commemorant,
611 2338 639 2387 et
654 2330 836 2398 Quintilianus
853 2331 994 2389 Cimbrum
1009 2334 1056 2389 ad-

98 2418 148 2473 dit.
181 2418 260 2474 Alios
275 2418 410 2491 Virgilius
423 2419 452 2473 in
463 2417 576 2487 Eulogis
587 2417 648 2487 ipse
659 2416 746 2485 rodit,
767 2418 805 2472 uti
817 2416 923 2477 11190.
938 2418 1058 2475 Bavium

99 2510 126 2558 et
136 2502 292 2573 Maesium,
315 2504 351 2559 de
362 2502 461 2573 quibus
472 2498 650 2555 Weiehertus
662 2502 679 2554 l.
687 2516 711 2555 e.
723 2518 751 2573 p.
759 2499 831 2562 810.
847 2503 950 2571 [eollat.
961 2494 1057 2559 Kirelr

98 2604 157 2642 ner.
179 2587 298 2655 Quaere
307 2588 408 2643 Horat.
418 2603 447 2657 p·
456 2583 611 2654 idi-docte
624 2585 789 2657 disputavit,
812 2588 915 2659 quique
927 2586 1026 2661 Gerra
1038 2589 1058 2642 l.

98 2670 169 2733 210.
189 2673 244 2729 hoa
263 2688 351 2729 versu
371 2670 496 2725 ‘Hordea
513 2672 561 2741 qui
576 2670 661 2738 (linit,
682 2677 810 2743 superest
820 2676 852 2727 ut
870 2674 960 2727 mitro
976 2674 1058 2729 diom'

99 2757 317 2829 reprehendisse
333 2754 477 2820 dieuntur3
499 2768 669 2825 quamquam
686 2752 837 2811 cledonius
852 2755 926 2811 huno
940 2774 1059 2812 versum

99 2842 246 2897 Cornificio
261 2840 340 2895 Gallo
354 2838 455 2897 tribuit.
491 2837 600 2893 Eodem
613 2839 699 2895 modo
709 2838 770 2897 su
781 2839 817 2894 V.
832 2838 881 2899 10.
893 2846 921 2897 et
933 2841 993 2896 Vll.
1006 2842 1058 2904 22.

99 2934 126 2983 et
140 2927 190 2987 26.
213 2924 352 2990 Codrum,
374 2936 458 2991 quem
477 2921 656 2979 Weiehertus
671 2926 689 2980 t.
701 2940 726 2980 e.
747 2942 777 2997 p.
793 2923 862 2984 161.
885 2940 947 2997 sqq.
970 2926 1058 2983 larbi-

97 3020 154 3067 tam
175 3008 312 3073 Cordum,
339 3011 451 3077 poetam
471 3004 615 3077 Maurum,
643 3026 707 3065 esse
728 3011 861 3079 coniecit,
886 3011 1058 3083 vituperare,

99 3096 129 3151 al
136 3096 196 3151 scr.
208 3092 254 3147 lX.
265 3088 316 3149 86.
331 3090 486 3160 Anserem,
508 3093 555 3162 qui
571 3093 684 3149 Antonii
702 3094 801 3150 leudes
814 3095 969 3166 oeeinerat,
985 3102 1058 3153 teate

99 3193 216 3250 carpere
231 3175 352 3231 videtur.
368 3172 434 3230 Vid.
448 3176 485 3230 as
496 3183 550 3232 not
567 3176 669 3233 Contra
687 3178 749 3235 illos
765 3179 874 3251 Virgilii
889 3182 1058 3238 obtrectato-

98 3280 145 3319 res
159 3260 299 3316 Asconius
309 3258 450 3315 Pedianus
460 3262 632 3333 peculiarem
644 3264 743 3319 librum
754 3265 880 3336 seripsit,
902 3280 958 3337 quo
970 3267 1059 3341 inpri-

98 3348 151 3403 mis
172 3344 318 3401 Octavium
337 3344 451 3402 Avitum
471 3348 599 3404 retollere
621 3348 732 3404 studuit.
767 3349 831 3405 Vid.
846 3348 944 3406 Donat
961 3348 1014 3423 64.
1031 3360 1060 3411 et

98 3429 251 3487 Weiehert
266 3426 378 3501 pam·
410 3432 423 3465 '·

106 3561 113 3573 .
160 3516 333 3594 Quamquam
347 3521 439 3574 aulem
451 3516 489 3573 illi
502 3514 631 3574 homines
641 3518 749 3595 Virgilii
761 3520 862 3577 terrram
874 3526 902 3576 et
912 3521 1059 3595 ingenium
