2326 3780
94 189 138 253 44
368 197 401 256 P.
422 197 585 259 VIRGILH
604 196 780 261 mollis

101 355 174 417 Flos
189 351 230 412 ad
244 352 343 427 prima
355 358 463 413 tenax:
485 351 602 411 animas
617 357 648 412 et
662 352 775 413 olentia
788 351 871 413 Medi

104 437 165 498 Ora
178 438 284 498 levent
296 436 348 496 illo
364 442 394 497 et
407 435 533 497 senibus
548 435 737 497 medicantur
751 435 878 497 anhelis.
1008 444 1057 499 ret

146 520 210 582 Sed
223 536 324 597 neque
337 520 506 593 Medorum,
523 519 620 580 silvae
635 520 794 594 ditissima,
808 528 898 593 terra,

102 607 166 668 Nee
180 605 308 683 pulcher
322 605 443 680 Ganges
458 611 551 678 atque
565 619 639 665 auro
653 605 792 667 turbidus
807 605 938 665 Hermus

102 690 260 754 Laudibus
274 690 378 751 ltaliae
393 695 515 760 certent,
530 703 593 748 non
605 688 724 764 Baetra,
739 705 841 765 neque
854 689 922 749 lndi
993 744 996 749 .

102 777 241 849 Tutaque
255 774 389 835 turiferis
401 772 555 833 Panchaia
567 773 689 848 pinguis
704 775 816 833 arenis.

102 860 188 923 Haec
202 860 272 920 loca
286 873 347 918 non
361 857 439 919 tauri
454 858 606 932 spirantes
620 858 745 919 naribus
760 858 861 933 ignem
954 924 972 951 ἃ
1009 861 1060 917 llll

104 946 258 1004 invertere
272 942 348 1005 satis
363 942 502 1002 immanis
518 941 659 1003 dentibus
673 942 775 1020 hydri,
921 960 924 965 ·

103 1028 167 1088 Nee
181 1026 278 1104 galeis
294 1025 461 1101 densisque
475 1025 575 1086 virdun
589 1041 680 1101 seges
694 1026 812 1087 horruit
824 1025 940 1098 bastisr

107 1111 170 1173 Sed
184 1110 329 1186 gravidae
344 1110 448 1186 fruges
464 1117 493 1170 el
502 1110 616 1171 Bacchi
630 1110 783 1172 Massicus
797 1110 908 1171 humor

106 1195 284 1272 implevere,
298 1200 402 1255 tenent
416 1194 504 1254 eleae
519 1200 717 1269 armentaque
731 1195 819 1255 laeta.

105 1281 184 1342 lline
196 1279 326 1339 bellator
339 1293 437 1354 equus
452 1293 562 1354 earnpo
578 1294 649 1339 sese
663 1280 777 1343 arduus
792 1279 896 1348 interm
1011 1278 1060 1338 145

105 1365 183 1426 Hine
198 1363 268 1438 albi,
284 1362 439 1437 clitumne,
455 1378 565 1439 greges
581 1369 611 1424 et
623 1363 756 1425 maxima
769 1370 875 1425 murus
955 1384 959 1389 ·

105 1448 246 1522 Victima,
267 1462 362 1523 saepe
375 1453 427 1508 tuo
442 1448 559 1523 pertusi
573 1447 698 1509 tlumine
713 1463 812 1520 sacre,

105 1535 263 1595 Romanos
278 1531 319 1592 ad
332 1533 446 1609 templa
459 1532 551 1593 desim
564 1533 683 1593 'duxere
696 1531 877 1608 triumphos.

106 1619 163 1679 llic
178 1633 233 1676 ver
246 1616 406 1678 assiduum
420 1623 513 1693 atque
527 1617 635 1678 alienis
649 1616 807 1677 mensibus
822 1623 936 1691 aestas,

105 1703 160 1765 Bis
174 1701 321 1778 gravidae
335 1702 483 1778 pecudes,
498 1701 547 1763 bis
561 1701 662 1776 pomis
677 1700 758 1762 utilis
773 1699 877 1764 arbds.
1013 1708 1064 1762 15⁰

106 1788 148 1848 At
161 1786 288 1848 rabidae
298 1786 392 1862 tigres
407 1785 519 1847 absunt
532 1792 563 1847 et
576 1801 672 1847 saeva
685 1786 809 1845 leonum

108 1871 244 1943 Semina;
267 1885 326 1949 nee
339 1871 470 1931 miseros
486 1870 592 1931 talium
607 1869 729 1931 aconita
742 1869 896 1943 legentesr

106 1956 170 2017 Nee
183 1955 263 2031 rapit
277 1944 444 2015 immensos
460 1953 552 2014 orbes
566 1968 623 2029 per
636 1953 770 2027 humum,
784 1967 886 2026 neque
899 1957 985 2013 tanto

109 2039 281 2114 Squameus
296 2039 328 2097 in
342 2038 457 2114 spiram
470 2043 568 2097 bactu
583 2051 618 2096 se
632 2037 746 2113 telligit
760 2036 879 2111 anguis.

107 2123 199 2184 Adde
212 2128 259 2181 tet
272 2120 413 2196 egregias
426 2119 520 2181 urbes
535 2135 726 2199 operumque
739 2119 885 2195 laborem,
1015 2128 1066 2183 lat

107 2208 165 2267 'let
180 2211 327 2279 congesta
340 2219 431 2264 manu
445 2204 620 2281 praeruptis
635 2204 752 2283 oppida
766 2204 862 2279 saxis,

107 2288 308 2365 Fluminaque
323 2287 467 2364 antiquos
482 2287 721 2369 subterlabentia
734 2303 851 2349 muros.

108 2377 160 2437 An
172 2388 266 2449 mare,
282 2372 366 2451 qued
381 2389 486 2450 supra,
500 2388 675 2447 memorem,
695 2373 841 2450 quodque
855 2371 940 2434 alluit
952 2371 1055 2433 intrat

108 2460 199 2518 Anne
211 2456 298 2519 lasus
312 2462 437 2519 tantast
456 2464 496 2534 le,
509 2458 580 2521 Lari
593 2458 734 2532 maxime,
751 2465 852 2532 teque,

108 2538 263 2604 Fluctibus
278 2547 309 2602 et
322 2542 442 2605 fremitu
456 2556 624 2621 assurgens
638 2542 761 2603 Benaee
776 2541 915 2601 marinot
1017 2544 1068 2599 160

108 2628 159 2687 An
173 2640 340 2687 memorem
353 2633 462 2703 portus
475 2626 670 2703 Luminaque
684 2627 790 2687 addita
804 2624 946 2698 ebusus,

108 2710 211 2785 Atque
224 2710 413 2785 indignatum
426 2710 546 2787 magnis
560 2711 743 2772 stridoribus
759 2722 886 2785 aequor,

108 2794 187 2857 Iulia
202 2810 263 2870 qua
276 2800 372 2872 ponto
387 2794 481 2871 longe
495 2802 586 2857 senat
598 2796 682 2856 unda
695 2797 810 2869 refuso,

109 2878 349 2959 Tyrrhenusque
362 2878 447 2939 iretis
459 2879 626 2941 immittitur
637 2886 740 2942 aestus
753 2877 910 2941 Avernist

109 2964 194 3024 llaec
208 2963 317 3024 eadem
331 2963 448 3038 argenti
460 2964 546 3025 rives
561 2965 703 3040 aerisque
719 2963 841 3026 metalla
1020 2966 1072 3023 165

112 3047 251 3108 Ostendit
264 3047 361 3120 venis,
378 3054 472 3123 atque
486 3064 561 3110 aure
576 3049 705 3125 plurima
719 3048 818 3111 fluxit.

110 3131 194 3192 ilaec
209 3147 307 3206 genus
322 3147 393 3193 aere
408 3131 515 3206 viram,
531 3133 652 3195 Marsos
667 3133 842 3209 pubemque
856 3127 1022 3206 Sabellam,

110 3215 344 3290 Adsuetamque
357 3216 439 3277 male
452 3217 602 3293 Ligurem,
622 3219 820 3293 Volscosque
834 3221 971 3288 verutos,

110 3298 241 3368 Extulit3
263 3299 341 3359 haee
353 3300 477 3375 Decios,
491 3300 606 3363 Marios
621 3316 815 3376 magnosque
828 3298 983 3375 cumdius,

112 3381 275 3459 Scipiadas
291 3383 387 3444 duros
402 3384 493 3467 bello,
508 3394 539 3446 et
551 3394 591 3461 te,
605 3386 737 3447 maxime
753 3385 875 3459 caesar,
1022 3388 1075 3447 1⁷⁰

113 3466 169 3542 Qui
183 3482 264 3529 nune
278 3468 423 3531 extremis
437 3470 533 3533 Asiae
546 3471 608 3531 iam
620 3469 719 3531 vietor
733 3470 764 3529 in
779 3469 841 3533 eris
