2326 3780
398 130 592 192 ludamus
612 128 685 191 LlB.
701 129 737 189 X.
984 126 1048 193 283

105 287 181 349 {lma
194 286 310 345 Venus.
338 282 447 346 Fidum
460 286 582 345 Aeneas
597 282 708 343 affatur
721 281 874 342 Achatem

108 370 251 445 suggere
263 369 324 428 tela
338 368 426 427 mihi:
450 386 510 428 oon
525 369 619 428 ullum
635 368 761 426 dextera
777 367 889 427 frustra

104 454 245 517 Torserit
259 453 289 511 in
304 453 443 527 Rutulos,
460 460 606 513 steterunt
620 466 700 527 quae
714 450 745 509 in
760 465 891 525 corpore
906 449 1030 511 Graium

105 538 211 599 Iliacis
226 537 374 611 campis.“
400 537 475 597 'lum
489 552 629 611 magnam
645 534 769 609 corripit
782 535 911 606 hastam,
997 543 1049 597 333

103 624 126 685 :t
140 622 226 682 iacit:
246 622 298 680 illa
310 621 421 680 volans
437 622 527 696 clipei
542 618 768 680 transverberat
782 633 855 678 aera

103 706 238 778 leaenis,
254 711 284 764 et
297 704 423 765 thoraca
439 706 528 765 simul
542 720 610 764 cum
625 710 750 780 pectore
763 702 883 778 rumpit.

103 791 168 853 [uic
183 790 275 848 irater
289 788 370 849 subit
382 790 526 863 Alcanor,
541 790 726 863 fratremque
739 795 878 848 ruentem

107 879 247 937 ustentat
262 872 384 933 dextra:
406 874 533 935 baiecto
547 873 644 933 missa
658 872 772 932 lacerto

107 958 230 1019 rotinus
245 956 334 1016 hasta
349 958 423 1032 fugit
436 964 599 1033 servatque
613 963 738 1017 cruenta
751 963 897 1028 tenorem,
998 960 1050 1015 itio

111 1049 286 1115 exteraque
299 1056 338 1099 ex
352 1040 478 1101 humero
494 1042 596 1101 nervis
611 1040 792 1100 moribunda
806 1039 963 1113 pependit.

111 1142 164 1187 um
179 1125 323 1198 Numitor,
338 1124 438 1184 iaculo
453 1126 553 1185 fratris
568 1126 608 1185 de
622 1139 753 1199 corpore
766 1130 864 1199 rapto,

114 1225 217 1271 enean
233 1209 334 1282 petiit;
359 1208 414 1267 sed
428 1224 490 1267 non
504 1216 534 1267 et
548 1208 644 1282 figere
658 1214 765 1267 contra

115 1300 143 1355 st
157 1292 280 1362 licitum,
296 1292 459 1365 magnique
474 1293 570 1350 lemur
584 1291 760 1366 perstrinxit
772 1290 919 1350 Achatae.

117 1378 145 1437 ic
161 1374 297 1447 Curibus,
313 1375 414 1433 fidens
428 1375 585 1449 primaevo
601 1388 740 1448 corpore,
757 1373 885 1434 Clausus
997 1381 1049 1434 345

119 1457 232 1529 dvenit,
248 1464 278 1516 et
292 1457 391 1531 rigida
404 1459 560 1534 Dryopem
575 1457 642 1516 ierit
656 1456 774 1515 eminus
788 1456 879 1516 hasta

121 1542 154 1603 rb
171 1547 305 1599 mentum
320 1541 453 1614 graviter
467 1556 585 1615 pressa,
601 1540 775 1615 pariterque
789 1540 942 1614 loquentis

123 1640 207 1687 ocem
223 1624 414 1699 animamque
429 1626 508 1700 rapit
521 1624 646 1683 traiecto
661 1629 797 1697 gutture3
820 1623 914 1682 atille

125 1715 202 1769 unte
217 1708 285 1766 ierit
298 1714 408 1766 terram
423 1715 452 1768 et
467 1723 605 1767 erassum
619 1707 715 1768 vomit
729 1722 783 1766 ore
797 1722 945 1767 cruorem.

127 1809 164 1853 es
180 1806 304 1867 quoque
317 1792 473 1852 Threicios
487 1792 606 1851 Boreae
620 1791 659 1850 de
673 1797 763 1866 gente
777 1807 930 1867 suprema,
998 1800 1050 1855 sto

141 1884 213 1949 tres,
230 1892 309 1952 quos
324 1875 395 1936 ldas
410 1882 497 1951 pater
510 1883 541 1935 et
554 1876 652 1950 patria
666 1877 782 1936 Ismara
793 1875 890 1949 mittit,

130 1978 147 2021 r
160 1961 263 2020 varios
280 1961 386 2020 sternit
400 1976 502 2022 casus.
531 1960 670 2019 Accurrit
684 1960 834 2019 Halaesus
851 2006 854 2011 .

132 2060 314 2118 truncaeque
329 2060 446 2119 manus,
462 2045 543 2105 subit
556 2051 586 2103 et
600 2045 751 2120 Neptunia
765 2045 876 2119 proles,

133 2128 220 2202 riguis
235 2128 400 2203 Messapus
415 2129 514 2203 equis.
541 2128 704 2203 Expellere
717 2128 844 2187 tendunt

136 2227 173 2270 nc
187 2212 227 2285 hi,
243 2226 324 2271 nune
339 2212 396 2282 illi;
418 2219 548 2272 certatur
561 2212 663 2271 limine
677 2212 709 2270 in
723 2212 793 2286 ipso
997 2218 1048 2273 355

137 2295 257 2355 senine.
284 2294 396 2370 Magno
411 2297 572 2356 discordes
586 2295 709 2356 aethere
724 2295 808 2354 venti

137 2379 207 2438 >clia
222 2394 280 2438 ceu
293 2380 400 2440 tollunt
414 2381 522 2440 animis
537 2387 567 2439 et
579 2379 837 2457 viribusaequis;

139 2479 155 2521 n
170 2462 229 2537 ipsi
243 2461 321 2521 inter
335 2479 378 2536 se,
394 2479 456 2523 non
471 2464 582 2537 nubila,
597 2480 657 2522 non
672 2479 757 2523 mare
771 2463 869 2531 cedit3

140 2562 213 2621 ceps
227 2562 330 2621 pugna
345 2547 411 2618 diu,
435 2554 516 2608 stant
530 2548 643 2608 obnixa
657 2547 760 2607 omnia
774 2554 894 2607 contra:

142 2630 176 2689 td
191 2630 277 2689 aliter
290 2630 440 2690 lhoianae
454 2632 537 2692 acies
552 2633 699 2705 aciesque
713 2632 838 2691 Latinae
995 2635 1049 2689 363

143 2720 285 2787 reurrunt,
301 2713 407 2775 haeret
420 2716 501 2791 pede
514 2731 571 2791 pes
587 2715 766 2792 densusque
779 2717 846 2775 viro
860 2714 916 2773 vir.

144 2805 168 2857 tt
184 2805 268 2873 parte
283 2814 323 2857 ex
338 2800 407 2875 alia,
423 2816 484 2875 qua
499 2814 577 2859 saxa
589 2800 720 2859 rotantia
734 2801 793 2858 late

146 2883 248 2942 tulerat
262 2889 382 2944 torrens
397 2883 583 2959 arbustaque
597 2884 697 2943 diruta
711 2883 795 2958 ripis,

150 2965 235 3037 adas,
251 2966 390 3027 insuetos
404 2968 489 3028 acies
503 2968 615 3027 inierrc
630 2966 802 3042 pedestres,

148 3047 214 3107 sidit
227 3047 328 3110 Pallas
342 3051 428 3111 Latio
444 3051 520 3111 dare
533 3058 620 3125 terga
634 3049 769 3123 sequaci,
993 3051 1045 3107 365

149 3146 208 3190 »era
223 3130 292 3207 quis
303 3141 412 3195 natura
425 3135 485 3195 loci
501 3135 651 3194 dimittere
667 3132 791 3208 quando

151 3214 189 3273 sit
203 3230 316 3291 equom
337 3234 431 3277 unum
446 3219 529 3294 quod
543 3218 636 3277 rebus
650 3223 747 3275 restat
759 3213 873 3291 egenis,

154 3314 171 3358 c
185 3315 287 3374 prece,
301 3316 382 3361 nunc
396 3302 485 3362 dietis
499 3302 640 3361 virtutem
653 3300 794 3359 accendit
807 3296 933 3358 amaris:

153 3399 172 3443 o
188 3384 300 3459 lugitis,
315 3386 415 3447 sociit
435 3385 494 3446 Per
507 3402 564 3446 vos
579 3392 611 3446 et
623 3384 719 3446 tortia
729 3384 828 3455 taeta,
