2326 3780
140 192 203 259 ras
255 170 263 191 '
412 193 443 252 Ρ.
465 192 628 255 urrann
647 193 821 255 nunonis

140 348 256 427 „Quam
271 344 366 405 semel
380 344 540 405 intormem
554 351 642 405 vasto
657 347 775 407 vidisse
790 347 847 408 sub
863 358 950 411 antro

140 433 296 513 „Scyllam
311 438 341 491 et
355 431 503 491 caeruleis
519 429 646 493 canibus
660 430 836 492 resonantia
850 450 936 495 saxa.

140 517 328 597 „Praeterea
343 514 371 575 si
387 530 448 589 qua
462 521 510 575 est
522 513 639 574 Heleno
653 517 824 592 prudentia,
840 520 904 577 vati

140 601 194 681 „Si
210 616 271 676 qua
285 600 373 675 fides,
389 598 522 659 animum
537 598 564 658 si
580 599 660 659 veris
675 600 780 676 implet
792 603 916 677 Apollo,

139 687 260 765 „Unum
273 684 348 745 illud
361 683 424 758 tibi,
439 690 510 742 nate
525 683 593 757 deo,
607 700 727 759 proque
742 686 883 747 omnibus
896 704 992 747 unum
1048 698 1100 755 435

138 770 336 850 „praedicam
350 776 380 827 et
392 773 536 842 repetens
552 767 721 843 iterumque
734 770 904 845 iterumque
919 773 1071 835 monebo:

138 855 283 934 „lunonis
298 866 427 927 magnae
441 851 571 925 primunr
584 866 676 925 prece
691 869 801 913 numen
817 855 930 925 adora;

138 939 266 1018 „lunoni
282 952 358 996 cane
373 942 444 993 vota
457 935 565 1008 libens,
582 935 798 1012 dominamque
811 947 967 1014 potentem

139 1021 357 1099 „Supplicibus
372 1034 485 1093 supera
494 1014 604 1078 donis:
627 1020 672 1079 sic
687 1021 820 1098 denique
836 1024 932 1083 uictor

139 1106 311 1186 „Trinacria
325 1105 403 1163 lines
418 1103 510 1162 Italos
525 1103 641 1163 mittere
654 1105 768 1164 relicta.
1047 1120 1099 1175 440

138 1191 226 1269 „Huc
239 1189 292 1249 ubi
307 1189 426 1248 delatus
442 1187 604 1247 Cumaeam
619 1191 789 1250 accesseris
804 1192 909 1251 urbem

139 1275 349 1352 „Divinosque
363 1272 448 1331 lacus
464 1279 494 1331 et
507 1273 631 1331 Averna
645 1275 785 1334 sonantia
794 1275 903 1346 -silvis;

137 1360 301 1437 „Insanam
316 1362 414 1416 vatem
429 1356 594 1431 adspicies,
611 1373 690 1433 quae
704 1374 780 1433 rupe
795 1359 851 1419 sub
867 1361 929 1422 ima

138 1442 232 1521 „Fata
247 1442 335 1517 canit,
350 1440 494 1514 foliisque
508 1448 597 1501 notas
612 1449 643 1500 et
657 1442 780 1501 nomina
793 1446 927 1506 mandat.

138 1526 375 1605 „Quaecumque
389 1526 420 1584 in
435 1525 516 1584 loliis
532 1525 697 1600 descripsit
711 1528 845 1587 carmina
859 1530 955 1606 virgo,
1044 1542 1096 1597 445

137 1610 273 1688 „Digerit
286 1612 317 1670 in
331 1625 497 1684 numerum,
512 1617 604 1683 atque
618 1617 705 1671 antro
720 1611 844 1671 seclusa
856 1615 1015 1691 1·elinquit;

137 1696 213 1772 „Illa
226 1702 348 1755 manent
362 1694 486 1753 immota
499 1694 586 1770 locis
602 1710 702 1770 noque
717 1694 755 1754 ab
771 1695 880 1757 ordine
894 1701 1015 1759 cedunt.

137 1780 271 1865 „Verum
286 1780 402 1854 eadem
417 1792 509 1837 verso
524 1779 623 1838 tenuis
639 1795 733 1852 quum
747 1778 871 1841 cordine
885 1793 995 1845 ventus

136 1865 277 1941 „Impulit
292 1871 322 1923 ct
335 1871 456 1923 teneras
471 1861 603 1922 turbavit
617 1863 708 1922 ianua
722 1864 857 1940 frondes,

136 1949 326 2025 „Numquam
342 1946 453 2006 deinde
468 1961 544 2008 cavo
559 1946 716 2009 volitantla
730 1949 881 2025 prendere
896 1969 983 2028 saxa,
1043 1964 1097 2019 tao

136 2032 219 2111 „Nec
233 2047 381 2096 revocare
396 2034 471 2093 situs
487 2040 538 2092 aut
549 2033 679 2108 jungere
694 2036 827 2095 carmina
843 2046 942 2107 curat;

136 2119 323 2194 „Inconsulti
338 2116 459 2191 abeunt„
474 2117 642 2192 sedemque
657 2119 751 2178 odere
767 2118 912 2196 Sibyllae.

137 2204 213 2278 „Hic
227 2203 280 2263 tibi
295 2218 334 2262 ne
350 2218 411 2277 qua
424 2216 529 2260 morae
543 2201 653 2262 luerint
667 2204 831 2278 dispendia
845 2205 932 2281 tanti-

136 2286 303 2363 „Quamvis
316 2285 498 2361 increpitent
512 2285 598 2360 socii,
614 2294 644 2345 et
658 2288 688 2346 vi
704 2303 812 2348 cursus
827 2289 858 2355 in
872 2291 965 2349 altum

136 2371 235 2447 „Vela
249 2378 338 2431 vocet
352 2370 520 2447 possisque
534 2370 619 2429 sinus
635 2370 761 2446 implere
776 2374 955 2447 secundos,
1042 2384 1096 2439 455

135 2454 234 2531 „Quin
249 2454 344 2514 adeas
358 2463 469 2530 vatem,
483 2454 689 2530 precibusque
704 2457 828 2516 oracula
841 2473 955 2533 poscas

136 2538 229 2613 „Ipsa
244 2546 341 2613 canat,
356 2554 528 2613 vocemque
541 2540 650 2598 volens
665 2547 757 2614 atque
772 2557 827 2600 ora
839 2543 984 2602 resolvat.

135 2623 210 2699 „Illa
220 2621 274 2682 tibi
287 2622 391 2682 Italiae
405 2624 538 2699 populos
552 2630 740 2699 venturaque
754 2625 843 2701 bella„

136 2708 192 2783 „Et
208 2722 268 2782 quo
284 2722 437 2783 quemque
450 2708 544 2783 modo
559 2708 720 2782 fugiasque
735 2710 878 2789 serasque
892 2709 1038 2786 laborem,

135 2790 314 2868 „Expediet
332 2806 502 2866 cursusque
517 2790 601 2851 dabit
615 2801 759 2853 venerata
774 2795 939 2854 secundos.
1039 2803 1095 2858 460

134 2876 239 2952 „Haec
254 2883 332 2951 sunt,
349 2892 428 2952 quae
442 2883 548 2936 nostra
561 2876 651 2937 liceat
664 2884 694 2936 te
709 2894 787 2937 voce
802 2878 928 2938 moneri.

135 2962 245 3037 „Vade
259 2976 325 3036 age,
341 2968 371 3020 et
385 2962 537 3035 ingentem
551 2960 639 3021 factis
654 2961 700 3021 ier
713 2963 753 3021 ad
768 2963 891 3021 aethera
905 2962 1058 3022 Troian1.“

135 3045 221 3119 Quae
235 3053 400 3122 postquam
415 3051 500 3105 vates
515 3045 561 3105 sic
576 3060 629 3106 ore
644 3045 753 3107 effatus
768 3047 865 3107 amico
881 3053 937 3120 est,

135 3128 224 3190 Dona
239 3130 349 3191 dehinc
364 3146 438 3190 auro
453 3128 560 3205 gravia
573 3137 721 3205 sectoque
735 3130 896 3206 elephanto

135 3213 267 3289 Imperat
280 3216 321 3275 ad
336 3229 433 3275 naves
447 3214 528 3289 ferri,
543 3214 697 3290 stipatque
711 3215 822 3274 carinis
1040 3222 1095 3280 tos

135 3297 247 3372 lngens
263 3307 420 3375 argentum
433 3298 683 3373 Dodonaeosque
697 3299 823 3373 lebetas,

134 3378 274 3442 Loricam
288 3390 461 3444 consertam
472 3382 572 3457 hamis
586 3398 723 3457 auroque
736 3383 871 3458 trilicem,

132 3462 170 3527 ct
182 3481 293 3528 conum
308 3467 438 3546 insignis
453 3468 562 3545 galeae
575 3467 747 3541 cristasque
760 3473 929 3539 comantes,
