2326 3780
105 189 147 255 56
378 188 411 249 P.
431 188 592 249 vtactth
612 187 787 250 Mnachis

106 344 246 419 latratos,
261 346 322 418 tua,
336 342 507 410 Maecenas,
523 339 606 401 haud
620 342 723 402 mollia
736 342 830 403 iussa.

34 426 42 432 ’
104 427 146 488 Te
161 427 228 486 sine
240 426 284 487 nil
297 428 389 487 altum
403 439 490 485 mens
505 423 641 484 inchoat:
664 441 711 498 en,
727 442 793 502 age,
809 441 922 501 segnes

104 512 223 586 Rumpe
237 528 355 582 moras;
377 515 468 570 vocat
482 508 594 582 ingenti
609 511 742 570 clamore
757 511 927 577 Cithaeron,

104 595 293 671 Taygetique
306 608 409 667 canes,
427 592 630 669 domitrixque
643 594 816 669 Epidaurus
830 609 993 669 equorum,

104 679 142 739 itt
153 695 217 739 vox
232 694 362 739 assensu
375 692 532 737 nemorum
546 675 729 752 ingeminata
741 678 878 752 remugit.
1023 688 1053 741 lt

103 762 177 824 Mox
189 770 291 823 mmen
304 762 446 823 ardentes
461 760 604 834 accingar
618 761 721 821 dicere
735 778 853 837 pugnas

105 847 253 920 Caesaris,
267 852 298 906 et
310 858 421 906 nomen
435 844 516 902 tama
527 848 573 904 tot
585 843 664 904 terre
678 861 734 920 per
748 861 854 919 annos,

103 930 221 990 Tithoni
234 928 333 1009 prima
347 933 421 1003 quot
435 926 522 986 abest
534 927 574 986 ab
588 929 704 1002 origine
719 928 840 989 Caesar.
912 958 915 963 ·

148 1012 213 1072 Seu
225 1012 303 1088 quis,
320 1010 516 1088 Olympiacae
529 1011 654 1071 miratus
668 1013 804 1088 praemia
816 1013 947 1088 palmae,

104 1096 204 1156 Pascit
218 1111 325 1171 equos,
340 1110 397 1155 seu
411 1094 481 1169 quis
495 1094 589 1163 fortes
605 1096 644 1153 ad
655 1103 755 1156 aratm
768 1097 933 1167 iuvencos;

105 1179 241 1255 Corpora
254 1178 419 1254 praecipue
432 1184 561 1237 mahum
575 1178 664 1252 legat
699 1178 818 1255 Optima
830 1187 939 1239 torvae

102 1262 213 1324 Forma
225 1262 324 1337 bovis,
340 1262 388 1322 cui
402 1268 490 1336 turpe
505 1268 604 1336 caput,
619 1263 667 1322 cui
682 1262 812 1340 plurima
826 1264 941 1339 cervix,

102 1346 141 1406 Et
155 1362 274 1406 crurum
288 1353 376 1407 tenus
391 1350 523 1405 amento
538 1345 674 1421 palearia
687 1349 836 1423 pendent3

102 1430 178 1490 Tum
191 1431 283 1506 longo
298 1431 398 1492 nullus
412 1429 497 1489 lateri
511 1429 639 1500 modum
663 1432 764 1491 omnia
777 1446 895 1506 magna,

102 1512 160 1574 Pes
175 1515 279 1585 etiam;
303 1522 332 1574 et
346 1513 476 1574 camuris
490 1513 586 1572 hirtae
601 1513 658 1573 sub
674 1515 817 1578 cornibus
836 1530 938 1575 aures.
1018 1522 1050 1575 ⁶5

101 1598 164 1658 Nec
179 1599 250 1657 mihi
265 1599 426 1675 displiceat
438 1598 565 1658 maculis
580 1597 707 1673 insignis
722 1606 752 1658 et
764 1599 844 1671 albo,

42 1680 46 1689 '
101 1686 163 1742 Aut
176 1684 248 1758 iuga
261 1683 442 1756 detrectans,
457 1681 668 1756 interdumque
682 1698 794 1758 aspera
807 1698 912 1757 comu,

101 1766 138 1826 lit
152 1768 261 1827 taciem
274 1775 361 1828 tauro
375 1766 510 1842 propior,
527 1780 670 1841 quaeque
684 1768 781 1826 ardua
792 1774 865 1841 tota,

101 1851 138 1911 Et
151 1852 294 1926 gradiens
309 1852 370 1911 ima
384 1848 475 1910 verrit
487 1849 620 1922 vestigia
634 1851 741 1909 cauda.

102 1938 195 1996 Aetas
209 1936 355 1997 Lucinam
369 1935 529 2009 iustosque
543 1932 606 2009 pati
621 1932 810 2009 hymenaeos

99 2018 218 2080 Desinit
232 2024 301 2078 ante
315 2018 430 2089 decem,
445 2024 518 2091 post
533 2022 664 2091 quatuor
677 2018 782 2095 incipit
795 2033 911 2092 annosa

101 2100 208 2161 Cetera
221 2118 277 2161 nec
292 2102 408 2161 feturae
421 2098 541 2171 habilis,
557 2114 615 2159 nec
630 2102 716 2163 tortis
731 2102 850 2163 aratris.

98 2184 225 2257 Interea
242 2190 365 2259 superat
378 2182 522 2258 gregibus
537 2182 610 2244 dum
623 2186 703 2246 laeta
717 2187 866 2261 iuventas,

100 2268 195 2331 Solve
208 2282 317 2342 maroe,
331 2267 414 2327 mitte
428 2268 459 2328 in
473 2266 625 2328 Venerem
638 2271 784 2345 pecuaria
797 2270 924 2349 primus,

98 2358 200 2428 Atque
214 2352 304 2412 aliam
318 2366 358 2411 ex
372 2352 432 2413 alia
444 2352 620 2427 generando
635 2354 744 2413 suffice
757 2355 886 2431 prolem.

99 2435 219 2511 Optima
233 2448 373 2511 quaeque
387 2437 453 2496 dies
468 2436 588 2497 miseris
603 2438 780 2498 mortalibus
796 2439 865 2498 aovi

97 2521 196 2580 Prima
210 2520 300 2596 fugit,
323 2519 452 2581 subeunt
466 2519 563 2580 morbi
577 2519 736 2598 tristisque
749 2528 910 2595 senectus,

96 2603 134 2665 Et
147 2602 234 2663 labor
248 2610 279 2664 et
292 2604 387 2664 durae
400 2605 481 2680 rapit
493 2604 685 2665 inclementia
699 2606 814 2666 mortis.

98 2688 226 2764 Semper
239 2694 334 2760 erunt,
351 2704 479 2763 quarum
493 2688 602 2749 mutmi
616 2702 749 2765 corpora
762 2690 866 2751 melisa

98 2771 226 2848 Semper
240 2772 320 2831 enim
333 2771 436 2843 refice,
452 2788 498 2845 ac,
513 2788 553 2832 ne
567 2780 640 2847 post
653 2774 769 2835 amissa
782 2773 936 2850 requiras,
1020 2784 1052 2840 tt

98 2856 256 2929 Anteveni,
273 2862 303 2915 et
317 2854 456 2916 subolem
470 2864 605 2917 armento
620 2860 729 2918 sortire
744 2858 919 2934 quotannis.

137 2941 199 2999 Nec
213 2957 274 3001 non
290 2947 319 2999 et
336 2939 439 3014 pecori
453 2948 502 3001 est
515 2941 596 3000 idcm
610 2942 746 3005 delectus
761 2941 885 3017 equino.

97 3024 137 3083 Tu
153 3025 254 3099 modo,
271 3039 349 3099 quos
364 3026 397 3083 in
411 3040 499 3099 spem
513 3033 628 3085 statues
643 3026 820 3087 submittere
834 3027 947 3101 gentis,

96 3108 294 3183 Praecipuum
308 3108 368 3167 iam
383 3107 455 3169 inde
468 3124 489 3168 a
501 3110 615 3170 teneris
629 3110 773 3184 impende
785 3108 934 3173 laborem.

96 3190 244 3252 Continuo
259 3192 382 3268 pecoris
396 3195 539 3267 generosi
554 3195 655 3268 pullus
669 3194 700 3253 in
715 3194 798 3255 arvis
875 3236 878 3243 -
1021 3204 1052 3263 rt

96 3274 194 3335 Attius
209 3276 383 3350 ingreditur,
398 3283 430 3337 et
441 3278 546 3338 mollia
560 3293 648 3339 cntra
661 3278 790 3353 reponit,
817 3292 820 3299 ·

95 3357 211 3419 Primus
225 3367 256 3419 et
268 3360 313 3419 ire
327 3360 410 3420 viam
424 3370 455 3421 et
468 3361 583 3422 fluvios
598 3370 714 3423 tentare
727 3362 864 3423 minaces

95 3443 199 3506 Audet
213 3450 242 3504 et
256 3444 360 3520 ignoto
373 3461 445 3507 sese
459 3447 646 3507 committere
658 3446 753 3522 ponti,
