2326 3780
120 186 163 249 ao
394 184 425 242 r.
444 143 605 245 vinoun
625 183 798 245 minoris

119 339 318 413 Prospectum
331 337 391 397 late
405 336 515 411 pelago
530 336 613 411 petit,
627 337 674 397 An
676 335 786 397 t‘ltea
762 353 789 396 si
804 350 894 410 quem

120 424 183 481 lact
171 429 264 481 tatum
279 427 370 480 vento
387 420 489 479 videat
501 419 712 496 Phrygiasque
725 408 866 491 biremes,

120 512 182 567 Aut
195 505 310 580 Capyn,
327 511 378 564 aut
392 504 506 563 celsis
498 520 529 562 m
546 504 702 579 puppibus
717 519 802 562 arma
816 501 907 563 Caici.

119 589 255 650 Navem
248 605 279 647 ιιι
294 594 463 662 conspectu
476 587 597 660 nullam,
612 595 673 648 tres
687 587 775 647 litore
790 601 901 647 cervos

119 672 268 749 Prospicit
282 679 432 740 errantes;
455 671 514 731 hos
528 678 592 731 tota
605 678 741 731 armenta
755 677 923 746 sequuntur
1025 675 1078 731 185

119 759 149 816 A
162 764 257 832 tergo,
273 762 304 816 et
318 756 442 829 longum
456 770 512 828 per
526 755 624 815 valles
639 755 774 830 pascitur
788 769 907 829 agmen.

120 840 260 901 Constitit
273 839 332 910 hic,
349 853 514 912 arcumque
527 854 619 897 manu
634 840 812 913 celeresque
827 838 953 912 sagittas

121 924 280 1000 Corripuit,
294 922 376 983 fidus
392 937 470 997 quae
484 921 683 995 telagerebat
696 921 840 994 Achates,

119 1007 332 1081 Ductoresque
347 1007 434 1080 ipsos
449 1002 588 1079 primum,
603 1006 704 1080 capita
718 1007 779 1065 alta
793 1007 925 1065 ferentes

120 1091 270 1152 Comibus
284 1088 431 1163 arboreis
447 1089 560 1161 sternit,
576 1095 638 1147 tum
652 1090 772 1164 vulgus,
788 1095 819 1149 et
833 1103 954 1149 onlnem
1023 1096 1077 1150 190

118 1176 227 1234 Miscet
241 1189 335 1248 agens
350 1173 417 1233 telis
432 1187 558 1233 nemora
571 1172 649 1233 inter
662 1174 791 1234 frondea
804 1171 938 1243 turbam;

119 1259 182 1318 Nec
195 1257 281 1333 prius
296 1255 423 1330 absistit,
440 1272 531 1331 quam
545 1264 662 1332 septem
676 1256 811 1332 ingentia
824 1257 921 1316 victor

119 1341 257 1417 Corpora
271 1341 378 1403 lundat
390 1340 473 1400 humi
487 1347 517 1400 et
530 1356 688 1401 numerum
702 1357 771 1401 cum
784 1340 916 1400 navibus
930 1352 1055 1417 aequet.

52 1495 55 1501 ,
119 1426 196 1484 Hinc
210 1432 332 1500 portum
345 1426 432 1500 petil'
443 1432 473 1486 et
486 1425 590 1485 socios
606 1426 732 1500 partitur
745 1426 776 1484 in
791 1439 907 1485 onmes.

119 1509 200 1567 Vina
215 1509 314 1569 bonus
330 1525 410 1585 quae
425 1510 537 1570 deinde
552 1511 638 1571 cadis
654 1515 794 1569 onerarat
808 1511 938 1569 Acestes
1025 1515 1076 1569 195

119 1592 221 1652 Litore
236 1592 388 1655 Trinacrio
405 1593 592 1667 dederatque
606 1593 787 1653 abeuntibus
802 1592 903 1666 heros,

118 1675 241 1750 Dividit
257 1684 287 1738 et
301 1678 389 1738 dictis
404 1678 569 1737 maerentia
582 1685 709 1753 pectora
722 1677 847 1736 mulcet:

119 1760 163 1836 „0
179 1761 373 1839 socii-neque
386 1764 466 1823 enim
480 1762 577 1837 ignari
592 1778 698 1822 sumus
712 1768 782 1821 ante
795 1761 967 1834 malorum,

119 1843 165 1919 „0
181 1845 266 1920 passi
280 1847 431 1922 graviora,
446 1845 530 1906 dabit
544 1846 622 1905 deus
636 1845 685 1905 liis
701 1860 824 1920 quoque
838 1844 939 1905 finem.

118 1929 206 2002 „Vos
221 1937 251 1989 et
265 1928 437 2007 Scyllaeam
451 1928 567 1989 rabiem
580 1929 765 2004 penitusque
780 1936 926 1989 sonantes
1023 1935 1078 1991 200

119 2013 278 2087 „accestis
294 2014 451 2089 scopulos,
466 2029 526 2073 vos
541 2019 570 2073 et
584 2013 732 2090 Cyclopia
746 2029 824 2073 saxa

118 2096 272 2172 „Experti
306 2096 462 2157 Revocate
476 2096 604 2170 animos,
619 2102 830 2172 maestumque
844 2096 983 2157 timorem

118 2179 191 2253 ,,Μίι
180 2181 259 2241 ttite=
281 2180 386 2240 forsan
400 2186 430 2239 et
442 2179 521 2239 lmec
535 2180 608 2239 olim
620 2180 796 2240 meminisse
810 2178 935 2240 iuvabit.

118 2262 195 2338 „Per
208 2263 313 2323 varios
329 2278 430 2336 casus,
445 2276 502 2338 per
514 2270 559 2324 tot
573 2263 749 2325 discrimina
763 2279 864 2323 rerum

119 2346 327 2420 „Tendimus
320 2364 349 2406 ιιι
363 2309 490 2421 Latium,
505 2349 598 2409 sedes
610 2348 662 2408 ubi
676 2348 739 2407 fata
751 2347 867 2421 quietas
1021 2352 1076 2407 ιο)

119 2429 325 2504 „Ostendant-
347 2431 408 2491 illic
423 2432 471 2493 las
484 2448 580 2507 regna
592 2446 753 2506 resurgere
767 2431 885 2490 Troiae.

118 2475 259 2588 :Durata
276 2521 306 2574 et
320 2523 440 2576 vosmet
453 2514 546 2576 rebus
564 2523 685 2589 servate
700 2515 877 2577 secundisfl

116 2597 202 2657 Talia
215 2612 294 2657 voce
308 2615 341 2659 re
343 2599 414 2670 lert;
438 2599 581 2674 curisque
595 2598 767 2673 ingentibus
782 2613 875 2674 aeger

119 2680 213 2755 Spem
226 2682 311 2742 vultu
326 2683 455 2756 simulat„
469 2683 584 2759 premit
593 2683 685 2743 altum
700 2683 793 2744 corde
809 2683 955 2756 dolorem,

64 2766 67 2771 '
118 2764 164 2823 Illi
178 2780 213 2824 se
227 2766 362 2841 praedae
377 2766 539 2840 accingunt
551 2765 745 2842 dapibusque
760 2766 882 2829 suturis:
1021 2772 1077 2828 ιιι)

116 2847 252 2926 Tergora
266 2849 419 2925 deripiunt
433 2850 528 2911 costis
542 2858 573 2910 et
585 2852 706 2911 viscera
720 2851 850 2921 nudant;

117 2931 192 2992 Pars
206 2932 237 2992 in
252 2933 348 2993 frusta
363 2940 468 2995 secant
481 2934 667 3011 veribusque
681 2935 840 2995 uenientia
852 2933 957 3008 figunt

117 3015 220 3076 Litore
234 3019 312 3076 aena
325 3017 427 3077 locant
442 3017 492 3077 alii
506 3016 707 3095 flammasque
721 3019 905 3087 ministrant;

115 3098 193 3159 Tum
206 3099 288 3160 victu
302 3108 449 3163 revocant
461 3100 553 3175 ures,
570 3104 693 3179 lusique
707 3118 762 3180 per
775 3100 901 3162 herbam

118 3182 286 3259 Implentur
299 3185 412 3245 veteris
426 3184 539 3246 Bacchi
554 3188 738 3263 pinguisque
753 3186 879 3246 ferinae.
1022 3191 1075 3247 215

117 3264 284 3342 Postquam
299 3276 419 3331 exemta
433 3270 530 3331 fames
544 3271 653 3346 epulis,
668 3284 857 3345 mensaeque
870 3276 1022 3341 remotam

117 3351 261 3412 Amissos
276 3351 369 3428 longo
384 3354 489 3417 socios
504 3350 646 3416 sermone
660 3354 824 3429 requirunt,

117 3432 274 3512 Spemque
288 3443 463 3515 metumque
476 3437 555 3499 inter
568 3437 661 3512 dubii,
676 3437 851 3499 sancivere
866 3437 1001 3505 credant
