2326 3780
392 179 586 242 AENEIDOS
606 180 680 242 LlB.
694 183 718 242 1.
970 182 1030 247 103

74 335 160 412 „Sed
174 348 284 410 magno
299 334 424 393 Aeneae
437 349 557 394 mecum
570 341 709 395 teneatur
722 350 834 396 arnore.
935 340 939 349 '
978 345 1030 401 675

75 422 162 497 „Qua
175 420 277 478 lacere
292 417 324 477 id
338 418 453 493 possis,
468 425 605 478 nostram
619 433 699 478 nunc
714 419 821 495 accipe
835 427 979 481 mentem=

75 504 208 581 „Regius
224 502 321 562 accitu
336 502 399 561 cari
413 501 558 576 genitoris
574 503 614 562 ad
628 502 733 562 urbem

75 587 255 664 „Sidoniam
269 602 346 662 puer
359 586 404 645 ire
418 592 513 661 parat,
529 602 598 646 mea
612 586 744 645 maxima
759 603 840 660 cura,

76 673 184 748 „Dona
198 672 299 730 ferens
314 670 424 745 pelago
441 676 471 729 et
484 669 615 730 flammis
630 671 776 730 restantia
788 671 911 731 Troiae=

76 757 183 833 „Hunc
198 770 256 829 ego
272 754 405 829 sopitum
421 769 529 814 somno
545 755 713 830 supersita
728 754 860 831 Cythera
977 763 1030 818 680

75 842 157 918 „Aut
172 854 266 914 super
280 839 408 898 idalium
422 846 542 899 sacrata
556 839 632 899 sede
646 839 822 912 recondam,

75 924 138 1001 „Ne
153 939 215 999 qna
229 922 309 982 scire
324 923 414 982 dolos
429 923 588 983 mediusve
603 938 762 982 occurrere
776 924 891 998 possit;

75 1008 139 1086 „Tu
153 1008 262 1067 faciem
275 1006 356 1067 illius
372 1013 493 1067 noctem
506 1023 568 1067 non
583 1007 713 1082 amplius
728 1024 819 1066 unam
863 1075 864 1078 Ἴ

74 1092 177 1169 „Falla
192 1092 275 1162 dolo,
291 1098 321 1150 et
334 1098 424 1150 notos
440 1091 527 1166 pueri
541 1107 618 1166 puer
632 1091 724 1151 indue
738 1093 848 1164 vultus,

74 1177 141 1253 „Ut,
157 1193 250 1250 quum
264 1182 294 1234 te
309 1176 423 1249 gremio
439 1175 569 1250 accipiet
582 1175 748 1235 laetissima
761 1174 840 1235 Dido
977 1183 1028 1239 685

74 1261 226 1336 „Regales
242 1260 319 1324 inter
333 1274 457 1318 mensas
472 1258 654 1334 laticemque
667 1260 811 1334 Lyaeum,

76 1343 191 1419 „Quum
205 1341 290 1401 dabit
304 1343 463 1416 amplexus
479 1350 570 1417 atque
586 1344 692 1401 oscula
707 1341 808 1402 dulcia
821 1343 901 1418 figet,

76 1425 253 1502 „Occultum
267 1425 399 1499 inspires
414 1424 515 1498 ignem
529 1426 680 1500 fallasque
693 1431 844 1485 veneno.“

74 1508 164 1568 Paret
176 1509 272 1567 Amor
286 1507 375 1566 dictis
392 1522 481 1566 carae
495 1508 666 1582 genetricis,
681 1514 712 1566 et
725 1508 789 1568 alas
1031 1549 1033 1555 ,

75 1592 175 1664 Exuit,
191 1598 221 1651 et
234 1606 344 1666 gressu
358 1590 497 1665 gaudens
512 1590 626 1649 incedit
639 1590 703 1649 luli.
977 1602 1030 1657 690

76 1679 117 1737 At
129 1676 236 1735 Venus
250 1675 386 1733 Ascanio
401 1674 554 1749 placidam
568 1690 624 1749 per
637 1673 772 1733 membra
787 1675 917 1748 quietem

75 1761 191 1834 Irrigat,
208 1767 239 1819 et
253 1759 348 1819 lotum
362 1758 477 1833 gremio
493 1759 552 1817 dea
565 1758 641 1817 tollit
655 1758 685 1816 in
701 1759 778 1817 altus

75 1844 190 1904 Idaliae
203 1845 300 1915 lucos,
316 1842 368 1902 ubi
381 1843 483 1903 mollis
497 1857 655 1902 amaracus
671 1842 754 1901 illum

75 1927 216 1989 Floribus
232 1933 262 1988 ct
276 1927 356 1987 dulci
372 1927 535 2001 adspirans
551 1926 760 2001 complectitur
773 1924 888 1984 umbra

74 2013 201 2088 lamque
216 2011 287 2087 ibat,
303 2011 384 2071 dicto
399 2026 521 2086 parens,
537 2017 567 2069 et
581 2011 664 2070 dona
678 2009 795 2085 Cupido
977 2017 1028 2073 695

75 2097 172 2172 Regia
186 2095 327 2172 portabat
339 2095 448 2171 Tyriis,
464 2095 543 2154 duce
556 2097 654 2154 laetus
668 2095 795 2154 Achate.

76 2181 174 2255 Quum
187 2181 279 2256 venit,
294 2179 409 2240 aulaeis
426 2179 486 2238 iam
500 2195 535 2239 se
549 2179 654 2253 regina
669 2177 809 2254 superbis

76 2269 180 2326 Aurea
194 2265 366 2341 composuit
381 2263 503 2339 sponda
516 2263 708 2337 mediamque
722 2262 850 2334 locavit;

76 2349 140 2408 Iam
154 2355 241 2423 pater
254 2350 377 2409 Aeneas
393 2355 423 2407 et
437 2348 498 2407 iam
511 2347 641 2407 Troiana
655 2347 795 2407 iuventus

77 2432 275 2503 Conveniunt,
292 2438 449 2506 stratoque
465 2447 558 2506 super
571 2430 769 2490 discumbitur
783 2437 877 2492 ostro.
976 2410 1028 2497 700

77 2515 158 2574 Dant
171 2513 310 2574 manibus
325 2516 429 2575 famuli
443 2515 595 2591 lymphas,
610 2509 818 2589 Cereremque
825 2514 965 2576 canistris

77 2598 260 2673 Errpedinnt,
274 2598 435 2674 tonsisque
449 2600 548 2669 lerunt
535 2599 703 2660 tmantelia
715 2599 807 2659 villis.

77 2682 302 2758 Quinquaginta
315 2683 395 2743 intua
410 2683 548 2757 famulae,
565 2682 674 2759 quibus
690 2683 796 2743 ordine
810 2685 901 2758 longo

78 2767 157 2825 Cura
170 2782 282 2841 penum
296 2773 414 2827 struere
429 2774 458 2826 et
471 2766 601 2827 flammis
617 2767 742 2827 adolere
754 2765 901 2838 Penatesg
1016 2786 1021 2797 ·

78 2850 205 2910 Centum
218 2850 497 2927 aliaetotidemque
511 2866 602 2924 pares
618 2858 716 2912 aetate
729 2850 865 2923 ministri,
977 2859 1029 2914 loa

77 2934 135 3008 Qui
149 2933 281 3010 dapibus
294 2950 419 2995 mensas
435 2940 562 2994 onerent
576 2939 607 2993 et
620 2936 732 3009 pocula
745 2941 870 3010 ponant.

77 3019 140 3078 Nec
155 3034 217 3078 non
232 3025 262 3079 et
274 3018 356 3095 Tyrii
370 3034 427 3094 per
440 3017 543 3077 limina
557 3019 637 3077 laeta
652 3019 826 3093 frequentes

77 3101 265 3175 Convenere,
278 3103 354 3163 toris
368 3101 445 3163 iussi
460 3101 653 3161 discumbere
666 3102 766 3178 pictis.

77 3184 225 3246 Mirantur
238 3185 320 3246 dona
332 3188 466 3259 Aeneae,
481 3185 627 3245 mirantur
640 3186 746 3258 Iulum,

77 3267 316 3345 Flagrantesque
329 3270 380 3330 dei
394 3270 497 3329 vultus
512 3269 713 3346 simulataque
726 3268 822 3328 verba
977 3275 1029 3331 710

77 3351 253 3427 Pallamque
267 3359 297 3412 et
309 3354 424 3430 pictum
432 3368 548 3413 croceo
563 3355 703 3413 velamen
716 3351 855 3413 acantho.

77 3435 244 3514 Praecipue
255 3435 370 3513 infelix,
386 3438 466 3516 pesti
481 3438 593 3497 devota
606 3438 731 3511 litturae,
