2340 4296
365 654 562 717 AENEIDOS
583 656 656 717 LIB.
678 658 729 719 lx.
963 656 1027 721 959

65 810 210 885 „venatu
222 806 349 871 miduo
363 814 395 869 et
408 812 505 869 totum
519 808 721 884 cognovimus
735 814 885 869 amnem.“
974 820 1026 873 245

64 894 123 955 Hic
137 892 227 955 aunis
239 892 344 969 gravis
358 898 454 969 atque
466 892 559 953 animi
572 898 709 953 maturus
722 894 845 955 Aletes=

65 974 125 1054 „Di
138 976 237 1053 patrii,
257 992 388 1055 quorum
401 990 526 1053 semper
538 976 598 1037 sub
612 976 735 1037 numine
748 977 839 1039 Troia
852 984 908 1052 est,

65 1062 153 1139 „Non
167 1068 269 1123 tamea
283 1061 406 1122 omnino
419 1061 674 1121 Teucrosdcisre
687 1062 812 1137 paratis,

66 1145 184 1221 „Quum
198 1146 275 1207 tales
289 1146 409 1205 animos
423 1144 567 1205 iuvenum
581 1152 687 1205 ettam
701 1152 786 1207 certa
799 1146 909 1209 tulistis

65 1230 241 1305 ‚,Pectora.“
249 1228 491 1303 sarracinorum,
499 1228 643 1289 humeros
651 1228 1025 1306 dcxuasquetenebattao

64 1313 241 1389 Amborum,
256 1320 287 1375 at
300 1313 414 1373 vultum
428 1313 561 1375 lacrimis
575 1319 666 1389 atque
680 1330 736 1374 ora
747 1314 880 1390 rigabam

64 1398 168 1475 „Quae
182 1398 282 1471 vobis,
299 1412 381 1473 quae
394 1396 496 1472 digna,
511 1397 578 1469 viri,
595 1412 652 1473 pro
667 1398 810 1459 laudibus
824 1399 892 1459 istis

63 1482 221 1557 „Praemia
234 1497 332 1559 posse
345 1496 416 1541 rear
428 1480 530 1542 solvit
549 1480 754 1543 Pulcherrima
767 1483 897 1559 primum

63 1564 123 1642 „oi
136 1581 302 1641 moresque
317 1564 433 1625 dabunt
445 1566 557 1635 vestrm
580 1572 642 1625 tum
656 1574 758 1627 cetera
770 1567 880 1628 reddet

63 1652 228 1725 „Actutum
242 1650 313 1727 pias
327 1652 462 1724 Aeneas,
478 1655 571 1725 atque
585 1650 703 1725 integer
716 1652 787 1711 aevi
972 1658 1024 1713 tat

63 1734 245 1811 „Ascanius
260 1733 358 1795 meriti
372 1734 446 1793 tanti
462 1749 523 1793 non
538 1734 700 1795 immemor
711 1740 887 1811 umquam.“
896 1779 903 1794 .

62 1820 176 1894 „Immo
192 1833 251 1893 ego
265 1833 333 1894 vos,
352 1817 403 1879 cui
416 1818 485 1877 sola
499 1819 585 1878 salus
600 1819 737 1891 genitore
751 1820 907 1895 reducto,“

61 1902 185 1977 Excipit
197 1903 351 1963 Ascanius
364 1915 442 1977 „per
454 1917 595 1977 magnos,
610 1902 692 1977 Nise,
705 1902 834 1963 Penates

63 1985 293 2063 „Assaracique
305 1986 413 2045 Larem
425 1993 456 2046 et
474 2000 572 2045 carrae
585 1986 755 2060 penetralia
766 1987 883 2047 Vestae

74 2067 251 2145 „obtestom
270 2084 479 2145 qaaecumque
492 2069 565 2128 milri
580 2070 701 2129 tortuaa
713 2070 855 2147 fidesque
869 2077 925 2147 cst,
973 2080 1025 2135 tto

66 2153 121 2230 „ln
135 2152 246 2213 vestris
259 2168 343 2228 pono
357 2153 498 2229 gremiis:
520 2160 666 2213 revocate
681 2162 846 2229 parentem,

63 2235 216 2311 „Reddita
230 2244 446 2314 conspectum
468 2238 542 2297 nihii
556 2238 608 2298 iilo
625 2238 710 2299 triste
723 2244 858 2314 recepto.

62 2320 162 2395 „Bina
175 2319 256 2382 dabo
270 2329 396 2397 argento
410 2323 546 2398 perfecta
561 2328 653 2397 atque
666 2338 781 2397 aspera
795 2322 892 2399 signis
1013 2393 1016 2399 ¹

61 2405 205 2481 „Pocula
220 2405 342 2467 devicta
355 2406 474 2482 genitor
489 2422 569 2483 quae
584 2406 666 2481 cepit
678 2404 800 2480 Arisba,

61 2490 120 2565 „Et
133 2489 271 2565 tripodas
285 2490 434 2567 geminos,
452 2492 517 2552 auri
533 2491 595 2551 duo
609 2506 720 2565 magna
734 2492 855 2567 talenta,
970 2498 1022 2554 att

61 2574 206 2650 „cratera
218 2574 385 2650 antiquum,
402 2591 493 2651 quem
507 2575 560 2635 dat
573 2574 702 2635 Sidonis
714 2576 804 2638 Dido.

60 2656 116 2735 „Si
130 2674 205 2719 vero
221 2673 334 2735 capere
346 2658 465 2719 Italiam
478 2660 672 2734 sceptrisque
685 2659 776 2736 potiri
850 2702 859 2723 .

62 2740 249 2817 „contigerit
261 2742 381 2819 victori,
396 2749 427 2804 et
440 2744 577 2819 praedae
591 2744 694 2804 dicero
709 2750 839 2804 sortem:

62 2824 204 2901 „Vidisti
219 2842 279 2902 quo
293 2828 414 2889 Turnus
429 2844 520 2903 equo,
538 2827 649 2903 quibus
663 2828 726 2887 ibat
739 2828 771 2887 in
786 2825 879 2888 armis

61 2908 217 2985 „Aurew
239 2912 342 2988 ipsum
355 2912 447 2987 iilum,
463 2912 596 2988 clipeum
611 2912 783 2987 cristasque
797 2910 941 2973 rubentes
968 2920 1020 2977 270

61 2991 241 3069 „Excipiam
255 2996 341 3071 sorti,
356 2995 417 3057 iam
431 3012 512 3058 nunc
526 3003 579 3057 tua
592 2996 737 3073 praemia,
751 2996 834 3058 Nise.

59 3075 241 3153 „Praetaea
254 3079 304 3141 bis
318 3094 376 3141 sax
389 3082 509 3154 genitor
523 3081 690 3141 lectissima
703 3087 833 3142 matrum

59 3160 221 3239 „Corpora
234 3163 438 3239 captivosque
453 3163 545 3240 dabit,
561 3181 680 3240 suaque
695 3165 837 3227 omnibus
850 3182 952 3237 arma;

58 3246 212 3322 „insuper
223 3246 282 3321 his,
298 3248 398 3324 earnpi
413 3248 497 3324 quod
511 3265 568 3311 rex
580 3249 673 3309 habet
687 3250 755 3326 ipse
768 3250 903 3311 Latinus.

56 3330 123 3406 „Te
135 3346 221 3405 vero,
236 3347 306 3393 mea
321 3348 411 3408 quem
426 3332 533 3409 spatiis
548 3334 745 3410 propioribus
759 3340 845 3394 aetas
967 3337 1018 3394 275

56 3412 263 3491 „lnsequitur,
279 3418 454 3477 venerande
469 3432 554 3493 puer,
569 3418 630 3477 iam
643 3426 769 3494 pectore
783 3424 846 3478 toto

55 3499 210 3575 „Accipio
225 3506 255 3561 et
269 3502 410 3561 comitem
424 3518 517 3562 casus
532 3504 720 3578 complector
733 3502 765 3560 iu
779 3514 897 3561 omnes.

55 3582 167 3659 „Nulla
181 3584 258 3644 meis
273 3586 341 3645 sine
355 3593 385 3646 te
400 3592 563 3662 quaeretur
576 3586 675 3661 gloria
687 3585 796 3645 rebus=

53 3663 142 3739 „Seu
157 3682 266 3743 pacem
281 3685 337 3731 seu
351 3670 559 3745 helingerum,
574 3670 628 3730 tihi
642 3668 888 3729 maximcrerum

53 3750 315 3826 „verborumque
329 3753 439 3815 tidesf‘
467 3752 579 3815 contra
594 3768 686 3829 quem
701 3752 774 3812 talia
788 3752 866 3812 istur
966 3760 1019 3817 280

52 3798 256 3913 ’Euryalusm
258 3836 318 3912 ‚Me
332 3839 415 3899 nulia
429 3837 497 3900 dies
510 3846 572 3899 tam
587 3837 715 3897 sortibus
730 3836 816 3897 ausis

52 3918 265 3997 „Dissimilem
279 3923 425 3998 macerit·
447 3928 563 3985 tautum
578 3922 707 3985 fortuna
720 3920 871 3985 secuaoa

764 4015 800 4071 i't
814 4010 831 4043 '⁸
