2326 3780
1 3256 11 3287 lt

177 210 239 276 lot
448 209 481 270 Ρ.
502 209 665 271 VIRGILII
683 208 860 271 Maronis

176 366 276 443 „Ergo
291 363 372 438 agite
386 369 416 423 et
429 363 542 423 laetum
556 363 657 423 cuncti
671 361 860 423 celebremus
874 361 1044 433 honorem;

177 450 363 526 „Poscamus
377 454 496 523 ventos,
512 454 604 521 atque
617 446 694 506 haec
708 461 757 506 me
771 461 860 508 sacru
875 447 1040 523 quotannis

177 533 280 611 „Urbe
293 532 366 591 velit
379 532 483 608 posita
495 531 616 607 templis
631 529 690 590 sibi
704 532 784 592 ferre
799 531 917 591 dicatis.
1104 540 1142 595 tio

177 619 276 697 „Bina
287 617 381 677 boum
393 616 483 677 vobis
498 616 589 675 Troia
602 622 765 691 generatus
781 616 911 676 Acestes

177 704 257 781 „Dat
270 716 396 762 numero
412 701 513 776 capita
527 700 558 759 in
571 715 684 759 naves:
707 700 850 760 adhibete
865 700 993 761 Penates

178 786 235 865 „Et
248 786 364 862 patrios
380 785 479 860 epulis
498 790 529 843 et
543 800 621 858 quos
637 784 709 844 colit
722 783 839 860 hospes
855 785 996 847 Acestes.

178 871 367 948 „Praeterea
382 869 410 928 si
423 884 506 928 nona
521 868 603 927 diem
616 868 794 930 mortalibus
809 869 921 928 almum

178 962 319 1032 „Aurora
333 952 472 1012 extulerit
484 952 641 1029 radiisque
655 954 798 1013 retexerit
812 954 926 1028 orbem,
1106 962 1142 1016 65

178 1039 299 1117 „Prima
312 1037 390 1096 citae
403 1036 528 1097 Teucris
542 1052 656 1112 ponam
670 1039 834 1098 certamina
848 1038 974 1108 classis;

179 1123 319 1201 „Quique
333 1120 444 1197 pedum
461 1136 552 1180 cursu
565 1121 654 1196 valet,
671 1129 701 1181 et
716 1123 768 1198 qui
782 1121 897 1183 viribus
913 1123 1016 1182 audax

180 1207 263 1285 „Aut
276 1204 375 1266 iaculo
389 1205 503 1264 incedit
516 1204 625 1265 melior
637 1205 818 1282 levibusque
833 1206 960 1282 sagittis,

180 1290 266 1368 „Seu
279 1289 374 1350 crudo
389 1288 458 1349 fidit
470 1304 604 1366 pugnam
618 1291 806 1351 committere
820 1300 922 1353 cestu=

75 1404 79 1411 ·
179 1342 1091 1451 „Cunctiadsintmeritaequeexspectentpraemiapalmac.
1108 1384 1144 1439 tc

180 1458 261 1535 „Ore
276 1459 376 1518 lavete
390 1473 497 1519 omnes
513 1465 542 1518 et
556 1459 666 1534 cingite
678 1468 819 1537 tempora
832 1461 955 1520 ramis.“

182 1543 234 1604 Sic
248 1543 339 1618 iatus,
351 1543 433 1603 velat
445 1551 583 1603 materna
596 1551 735 1620 tempora
749 1552 860 1623 myrto.

181 1628 248 1688 Hoc
262 1628 409 1704 Helymus
425 1627 504 1703 iacit,
522 1626 582 1688 hoc
597 1628 665 1688 aevi
679 1636 814 1689 mutunus
829 1634 968 1701 Acestes,

181 1712 248 1773 Hoc
262 1726 339 1788 puer
351 1712 513 1787 Ascanius,
529 1713 666 1789 sequitur
680 1728 759 1787 quos
774 1720 875 1773 cetera
888 1711 997 1787 pubes.

180 1796 410 1857 llleeconcilio
425 1797 526 1857 multis
542 1810 611 1857 cum
625 1796 756 1856 millibus
772 1797 835 1857 ibat
1109 1806 1143 1861 75

181 1881 232 1941 Ad
245 1883 398 1956 tumulum,
414 1897 525 1956 magna
537 1880 657 1941 medius
672 1881 835 1941 comitante
849 1887 980 1940 caterva.

181 1964 238 2025 Hic
254 1965 315 2026 duo
329 1965 386 2025 rite
400 1981 483 2025 mero
499 1965 598 2025 libens
613 1964 772 2025 carchesia
784 1964 906 2024 Baccho

180 2047 291 2110 Fundit
303 2049 394 2124 humi,
411 2049 473 2109 dno
488 2050 568 2109 lacte
581 2064 672 2124 novo,
689 2049 750 2109 duo
765 2050 914 2124 sanguine
929 2062 1030 2123 sacro,

180 2133 415 2210 Purpureusque
430 2132 501 2193 iacit
513 2131 618 2208 flores,
635 2148 672 2193 ac
685 2135 757 2194 talia
772 2134 865 2193 latur:

180 2217 302 2293 .,Salve,
319 2224 424 2277 sancte
437 2233 567 2292 parens;
589 2217 696 2277 iterum
711 2219 835 2291 salvete,
858 2216 974 2291 recepti
1107 2227 1145 2282 80

181 2301 413 2379 „Nequidquam
428 2302 547 2362 cineres
562 2302 743 2376 animaeque
756 2302 945 2374 umbraeque
959 2306 1129 2376 paternae!

159 2385 269 2467 „,llon
283 2385 366 2446 licuit
380 2387 458 2446 fines
472 2386 565 2446 Italos
579 2386 744 2461 fataliaque
759 2401 843 2460 arva,

180 2469 263 2545 „Nec
270 2469 549 2545 tecumAusonium,
557 2470 741 2545 quicumque
748 2477 803 2545 est,
813 2466 1144 2544 quaerereThqrbrim.“

180 2553 306 2613 Dixerat
318 2552 404 2627 haec,
420 2554 522 2631 adytis
538 2570 630 2628 quum
645 2553 778 2614 lubricus
794 2553 902 2628 anguis
918 2552 956 2611 ab
971 2553 1041 2613 imis

183 2636 307 2711 Septem
321 2637 428 2711 ingens
443 2653 549 2716 gyros,
566 2644 695 2712 septena
707 2638 863 2709 volumina
876 2637 974 2712 traxit,
1108 2646 1144 2701 85

181 2721 350 2795 Amplexus
366 2720 487 2797 placide
499 2722 655 2797 tumulum,
671 2721 839 2797 lapsusque
853 2737 909 2798 per
923 2737 1002 2794 aras,

182 2804 347 2865 Caeruleae
362 2805 410 2864 cui
424 2812 622 2881 tergendae,
638 2806 814 2867 maculosus
830 2812 860 2865 et
874 2820 948 2865 auro

181 2888 347 2964 Squamam
362 2889 544 2949 incendebat
558 2890 667 2965 fulgor,
683 2905 740 2949 ceu
754 2889 886 2950 nubibus
901 2904 990 2949 arcus

180 2973 263 3034 Mille
277 2974 347 3033 iacit
360 2974 463 3034 varios
479 2975 611 3034 adverso
627 2974 694 3034 sole
709 2974 839 3034 colores.

183 3058 346 3134 Obstupuit
359 3060 428 3119 visu
442 3059 575 3119 Aeneas.
600 3059 654 3119 llle
669 3059 789 3134 agmine
803 3059 895 3133 longo
1107 3069 1146 3124 90

180 3143 315 3203 Tandem
328 3143 407 3207 inter
420 3150 542 3221 pateras
557 3150 587 3203 et
600 3143 680 3203 levia
693 3144 806 3218 pocula
820 3157 948 3217 serpens

179 3225 360 3303 Libavitque
376 3228 482 3304 dapes,
496 3243 667 3304 rursusque
682 3226 824 3286 innoqus
840 3226 900 3285 imo

182 3308 337 3372 Successit
351 3312 465 3373 tumulo
483 3319 514 3372 et
528 3312 657 3387 depasta
671 3311 777 3371 altaria
792 3309 887 3385 liquit.

180 3392 249 3455 Hoc
263 3394 360 3470 magis
375 3396 514 3474 inceptos
528 3395 657 3471 genitori
671 3394 818 3455 instaurat
831 3392 975 3465 honores,

1 3439 10 3470 ς’
37 3494 132 3604 ι
180 3476 326 3554 Incertus,
347 3480 514 3542 Geniumne
527 3479 587 3539 loci
602 3478 786 3539 famulumne
801 3476 934 3551 parentis
1106 3488 1145 3543 95
