2326 3780
83 162 149 227 sse
361 156 394 219 r.
415 156 579 219 ιιιιιιιιιι
598 136 792 221 neporus

1099 246 1105 275 l

82 315 158 393 „lda
171 314 257 374 laces
271 312 361 373 altrix
375 310 496 387 cupidis
510 308 680 387 praebebat
695 311 854 387 alumnis,
1020 323 1061 377 eto

83 398 209 478 „Omnis
224 404 258 458 ut
271 397 301 456 in
316 397 436 457 cineres
449 394 579 457 Rhoetei
592 394 692 455 litoris
710 412 772 457 ora

83 481 263 562 ‚,classibus
278 480 427 541 ambustis
441 478 566 543 damma
579 488 753 555 superante
768 480 919 543 daretur.

82 566 181 647 „Hinc
195 572 261 627 erat
274 565 448 641 oppositus,
463 570 571 625 contra
583 564 788 627 Telamonius
802 564 921 643 heros,

82 650 293 731 „Obiectoque
308 649 401 709 debat
415 648 515 724 clipeo
531 648 714 719 certamina;
739 656 774 711 et
786 649 882 711 illinc

82 734 218 815 ,flector
230 743 303 807 erat,
317 733 427 794 Troiae
441 744 594 793 summunt
608 733 722 793 decusa
746 748 827 795 acer
842 743 988 813 uterque,
1017 745 1061 800 315

84 818 292 898 „Fulminibus
307 819 395 879 coelo
411 817 506 878 veluti
520 818 624 892 lragor
637 817 742 877 editus
759 818 839 893 alto,

82 904 228 982 „Ignibus
241 903 292 963 hic
304 904 437 978 telisque
451 917 546 977 super
560 902 587 962 si
602 901 758 961 classibus
774 904 889 978 Argos

84 988 220 1067 „Eripiat
233 987 359 1062 reditus,
373 988 425 1047 ille
438 993 472 1047 ut
485 985 636 1065 Yulcauia
649 985 732 1045 ferro

85 1074 240 1149 „Vulnera
253 1072 409 1148 proiectus
424 1070 580 1146 depellere
594 1069 725 1130 navibus
745 1070 857 1132 instet.

84 1158 170 1235 „Hoc
185 1162 251 1216 erat
262 1156 416 1216 Aeacides
431 1150 804 1226 alterlaetatus'honore3
1014 1168 1060 1222 ,ιιι

84 1240 339 1318 „Dardaniaeque
352 1241 428 1301 alter
443 1240 513 1300 luso
529 1239 613 1313 quod
628 1239 780 1313 sanguine
796 1255 948 1318 campos,

84 1324 254 1403 „Hectores
269 1324 367 1386 victor
380 1324 521 1385 lustravit
535 1338 664 1399 corpore
677 1323 814 1383 Troiam.

83 1408 221 1486 „Rursus
235 1407 348 1469 acerba
362 1409 503 1483 fremunt,
518 1408 602 1468 Paris
617 1408 698 1468 huno
714 1409 804 1481 qnod
818 1410 909 1487 letat„
931 1422 961 1474 et
975 1413 1055 1473 huius

83 1493 193 1571 „Alma
207 1493 288 1554 dolis
302 1494 398 1555 Ithaci
412 1494 508 1554 virtus
524 1493 608 1568 quod
623 1491 758 1552 concidit
774 1493 848 1554 icta.

83 1577 180 1655 „Huic
194 1578 273 1653 gerit
285 1594 414 1639 aversos
429 1579 533 1654 proles
547 1576 668 1637 Laertia
680 1579 797 1649 vultus
1010 1591 1054 1645 ιιι

84 1661 140 1738 „llt
153 1665 213 1722 iarn
229 1661 395 1739 Strymonii
409 1662 505 1722 Rhesi
520 1662 680 1737 victorque
695 1661 839 1735 Dolonis,

83 1744 225 1822 „Pallade
239 1747 299 1807 iarn
314 1748 443 1807 laetatur
456 1762 571 1816 ovans;
594 1761 764 1820 rursusque
779 1748 938 1809 tremiscit

83 1830 166 1906 „lam
180 1830 319 1904 Ciconas,
334 1832 395 1890 iarn
408 1830 531 1905 iamque
544 1830 649 1890 horret
661 1830 901 1905 Laestrygonas
918 1842 1017 1896 atrox.

83 1914 188 1990 „lllum
204 1914 309 1992 Scylla
321 1928 429 1990 rapax,
445 1914 571 1975 canibus
587 1914 744 1974 succincta
758 1913 926 1983 Molossis,

82 1999 321 2073 „Aetnaeusque
336 1999 480 2075 Cyclops,
497 1998 580 2059 illurn
595 1999 758 2059 metuenda
772 1998 958 2076 Charybdis
1005 2014 1053 2068 eet
1119 2042 1123 2097 j

83 2080 316 2158 „Pallentebque
330 2083 416 2143 lacus
431 2090 462 2143 et
476 2082 619 2157 squalida
631 2084 757 2143 Tartara
770 2090 901 2146 terrent.

82 2164 158 2242 „Hic
173 2172 203 2225 et
216 2166 351 2226 Tantalei
364 2167 486 2241 generis
502 2168 606 2239 decus,
623 2167 744 2242 amplus
758 2168 900 2241 Atrides,
1120 2106 1127 2255 ι

81 2250 236 2326 „Assidet
251 2251 400 2325 Argiuum
415 2251 525 2323 lumen,
543 2267 604 2326 quo
620 2250 744 2311 flamma
758 2260 887 2326 regente
1125 2320 1128 2331 Ι

82 2333 191 2410 „Doris
205 2334 419 2395 Erichthonius
434 2336 601 2410 prostravit
615 2336 752 2397 lunditus
767 2351 869 2398 arces.
1126 2344 1129 2383 ¹

81 2416 254 2494 „Reddidit
269 2417 338 2491 heu
355 2418 464 2479 Graius
478 2435 597 2495 poenas
611 2420 674 2493 tibi,
688 2418 788 2494 'lboia
803 2422 918 2494 ruenti,
1005 2434 1051 2489 335
1126 2390 1132 2515 ι

81 2500 357 2599 „Hellespontiacis
372 2503 511 2563 obiturus
525 2504 660 2564 reddidit
672 2502 774 2564 undis.

81 2585 155 2663 „llla
169 2585 254 2645 vices
268 2584 425 2647 homiuum
438 2594 550 2649 testata
564 2596 612 2649 est
622 2588 714 2664 copia
725 2588 895 2663 quondam,

80 2668 144 2745 „lle
159 2669 321 2745 quisquam
336 2671 481 2748 propriae
496 2673 634 2733 lortunae
648 2688 775 2733 munere
788 2672 882 2735 dives

80 2753 160 2829 „lret
173 2754 332 2814 inevectus
344 2757 464 2817 coelum
478 2771 588 2832 super=
611 2772 701 2817 omne
715 2756 897 2835 propinquo

79 2836 259 2914 „Frangitur
273 2837 407 2899 invidiae
420 2841 482 2901 telo
497 2841 602 2902 decus.
638 2840 705 2901 lbut
717 2840 749 2901 in
763 2842 860 2903 albam
1002 2852 1052 2909 34⁰

79 2920 155 2998 „Vis
170 2923 273 2996 Argea
288 2930 397 2998 petens
411 2925 549 3002 patriam,
566 2926 721 3001 ditataque
736 2924 857 3001 praeda

78 3005 188 3081 „Arois
203 3005 433 3080 Erichthoniae,
456 3024 561 3070 comes
575 3011 648 3070 huic
662 3017 727 3070 erat
740 3025 819 3070 aura
831 3012 996 3085 secunda,

77 3051 155 3164 :Per
168 3090 323 3164 placidum
338 3108 431 3153 cursu
444 3094 573 3169 pelagus
589 3095 696 3155 Nereis
711 3093 750 3153 ab
766 3092 851 3153 undo

77 3171 193 3247 „Signa
207 3173 314 3245 dabat,
337 3192 410 3251 pars
426 3176 549 3238 inflexis
564 3195 660 3255 super
674 3186 742 3239 acta
756 3178 920 3241 carinisr.

76 3254 181 3331 „Corn
197 3272 254 3318 seu
268 3260 395 3321 coelesti
410 3261 472 3321 lato
487 3278 543 3323 seu
559 3264 671 3324 sideris
686 3269 764 3333 ortu,
998 3276 1050 3331 345

76 3300 238 3417 „Undique
252 3350 384 3403 mutatur
397 3345 534 3407 coelit
491 3347 534 3407 nit
535 3364 579 3421 or,
595 3347 698 3408 omniu
713 3346 822 3419 venile,

75 3424 206 3497 „Omnia
218 3426 388 3491 turbinibus
403 3436 474 3491 sunt
487 3432 588 3491 anxia.
626 3432 688 3492 lum
702 3431 795 3492 maris
811 3432 900 3495 unda
