2326 3780
313 128 319 147 ⁸
392 160 645 223 -anoacrcon
665 162 737 223 nin.
752 162 775 223 1.
1034 160 1080 227 aa

124 322 226 395 Atque
239 320 339 378 levem
353 317 496 392 stipulam
510 315 726 391 crepitantibus
740 330 830 376 urere
843 312 991 377 flammise
1044 324 1079 382 ss

125 404 198 465 Sive
212 402 284 463 inde
300 401 435 461 occultas
451 399 533 459 vires
547 406 578 459 et
590 398 704 475 pabule
720 406 821 459 terrae

122 487 251 563 Pinguia
265 485 453 561 concipiunt;
477 484 543 543 sive
557 484 618 545 illis
634 496 795 561 omne-per
807 484 910 558 ignem

123 571 314 646 Excoquitur
325 570 441 641 vitium,
456 574 549 643 atquc
560 568 695 629 exsudat
707 567 959 639 inuttlisbumon

125 656 188 716 Seu
201 656 306 731 plures
320 654 406 715 calor
418 653 470 712 illc
482 653 551 713 vias
565 659 597 713 et
609 652 835 713 1111111111111

126 740 325 816 spiramenta,
342 753 440 799 novas
452 737 557 797 veniat
571 753 634 811 qua
646 752 758 798 succus
773 737 804 795 in
817 734 947 806 herbam
1046 744 1080 801 oo

125 824 187 884 Seu
202 824 290 885 durat
303 822 401 898 magis
416 829 447 882 et
458 836 556 881 venas
571 821 732 897 adstringit
745 821 873 893 hiantes,

122 909 167 969 Ne
181 914 289 969 tenues
303 907 436 984 pluviae,
451 906 592 981 rapidive
605 906 742 981 potentia
756 906 832 965 solis

121 993 240 1066 Aerior,
257 999 310 1054 aut
321 991 443 1053 Boreae
456 989 644 1066 penetrabile
657 990 755 1066 frigus
770 990 888 1049 adurat

121 1077 248 1137 Multum
262 1078 351 1151 adeo,
366 1075 473 1137 restris
487 1074 595 1151 glebas
610 1076 663 1151 qui
675 1075 789 1150 lrangit
801 1074 914 1135 inertes

121 1162 343 1236 Vimineasque
356 1160 448 1221 trabit
462 1166 570 1231 crates,
585 1160 671 1222 iuvat
683 1174 771 1232 arva·
782 1170 883 1233 neque
898 1159 983 1219 illurn
1045 1168 1078 1223 95

121 1245 217 1304 Flava
232 1245 324 1305 Ceres
338 1245 400 1305 alto
415 1244 623 1318 nequidquam
633 1250 757 1320 spectat
770 1241 917 1319 Olympo;

122 1329 160 1388 Et
176 1329 236 1402 qui,
253 1328 413 1402 proscisso
430 1343 509 1400 quae
523 1327 651 1387 sciscitat
664 1343 800 1403 aequore
812 1334 907 1401 terga
1005 1360 1008 1365 ·

122 1411 244 1471 Rursus
259 1411 290 1468 in
305 1410 461 1483 obliquum
475 1424 569 1469 verso
584 1411 751 1485 perrumpit
763 1418 872 1482 aratra

123 1494 317 1566 Exercetque
331 1493 477 1565 frequens
491 1492 628 1552 tellurem
642 1501 734 1567 atque
748 1494 876 1568 imperat
889 1496 982 1556 arvis.

166 1576 299 1637 Humido
312 1575 443 1645 solstitia
458 1582 550 1648 utque
563 1575 679 1636 hiemes
693 1584 778 1636 orate
793 1592 928 1649 serenas,
1008 1628 1011 1633 .
1025 1590 1077 1643 1111)

123 1660 303 1736 Agricolam
324 1659 453 1719 hiberno
468 1658 636 1719 laetissima
649 1660 775 1734 pulvere
788 1660 879 1733 lurra,

123 1746 235 1805 Laetus
250 1759 338 1820 ager:
360 1744 443 1804 nullo
458 1750 574 1804 tantum
588 1759 623 1804 se
637 1743 739 1820 Mysia
753 1744 838 1805 cultu
859 1756 863 1769 ·

121 1830 226 1899 lactat,
243 1836 273 1889 et
286 1829 357 1905 ipsa
369 1844 445 1889 suas
458 1828 606 1889 mirantur
618 1828 755 1903 Gargara
768 1843 899 1889 messes.

74 1910 78 1915 ’
123 1913 203 1987 Quid
218 1913 326 1985 dicem,
341 1914 422 1973 iacto
437 1913 490 1988 qui
505 1913 621 1974 semine
636 1913 807 1973 comminus
821 1929 897 1973 arva
1000 1942 1005 1951 ·

121 1998 295 2073 Insequitur
308 1998 510 2073 cumulosque
523 1997 813 2074 ruit'malepinguis
827 2013 955 2070 arenam
1026 2010 1076 2063 101

120 2083 240 2142 Deinde
255 2083 330 2142 satis
344 2080 473 2143 liuvirun
486 2082 602 2143 inducit
614 2082 762 2157 rivosque
776 2090 942 2157 sequentes

120 2167 167 2241 Et,
184 2182 276 2240 quum
291 2173 419 2227 exustus
434 2182 508 2242 ager
520 2166 718 2227 morientibus
733 2174 851 2228 aestuat
865 2168 977 2243 herbis,

121 2250 212 2323 Eece,
228 2251 392 2325 supercilio
408 2250 518 2310 clivosi
530 2252 657 2312 tramitis
670 2252 785 2311 undam

121 2334 230 2414 11111111
251 2335 302 2393 illa
317 2335 431 2395 cadens
444 2349 570 2395 raucum
584 2351 640 2409 per
652 2336 734 2395 levio
745 2352 880 2397 mmmur

124 2419 208 2480 Saxa
223 2418 289 2491 1111,
303 2417 514 2492 scatebrisque
528 2419 646 2479 arentia
656 2426 806 2495 temperat
820 2436 918 2479 arva·
1026 2431 1078 2483 110

123 2502 212 2576 Quid,
230 2503 290 2576 qui,
307 2517 346 2562 ne
358 2502 495 2577 gravidis
511 2502 691 2578 prociunbot
704 2504 822 2564 culmus
837 2504 948 2579 aristis,

121 2587 287 2647 Luxuriam
300 2593 439 2661 segetum
452 2594 558 2647 tenera
571 2586 711 2662 depaseit
724 2587 877 2661 inherba-

124 2671 223 2744 Quum
237 2670 368 2745 primurn
383 2671 487 2731 sulcos
502 2679 636 2746 aequant
649 2678 731 2741 sata3
747 2672 869 2746 quique
883 2673 1007 2749 paludis

125 2754 291 2815 collectum
303 2754 461 2815 humorem
475 2754 579 2815 bibula
593 2756 717 2816 deducit
730 2770 831 2830 arena,

123 2837 304 2898 Praesertim
317 2839 442 2900 incertis
458 2839 484 2900 si
498 2840 655 2900 mensibus
669 2839 767 2900 amnis
781 2839 942 2902 abundans
1027 2851 1076 2903 llb

123 2920 195 2980 Exit
208 2929 238 2982 et
252 2921 385 2984 obducto
399 2924 460 2983 late
473 2930 556 2983 tenet
569 2924 671 2984 omnia
685 2925 765 2999 limo,

123 3006 214 3067 Unde
228 3022 323 3067 cavae
335 3008 442 3083 tepido
457 3008 569 3069 sudant
582 3008 708 3069 humore
721 3010 871 3069 lactinaet
973 3008 1076 3084 [bores

167 3089 229 3149 Nec
244 3097 352 3166 1111111,
361 3092 445 3153 baec
460 3108 553 3167 quum
567 3093 628 3153 siut
639 3093 857 3167 bominumque
867 3091 1022 3170 boumque
1034 3095 1076 3153 la-

126 3175 288 3235 Versando
301 3182 413 3237 terram
428 3178 554 3253 experti,
569 3177 643 3237 nibil
655 3177 815 3253 improbus
827 3192 923 3237 anser

124 3240 380 3335 Strymoniaeque
394 3276 486 3335 grues
499 3268 531 3322 et
544 3262 655 3327 amaris
669 3260 774 3322 intuba
787 3259 873 3321 libris
1026 3270 1078 3323 120

125 3341 277 3417 officiunt,
292 3352 344 3405 aut
356 3344 464 3405 umbra
478 3352 576 3405 nocet.
612 3345 701 3406 Pater
714 3346 783 3420 ipse
797 3346 919 3406 colendi

124 3426 214 3487 Haud
231 3427 349 3489 facilem
363 3444 435 3490 esse
449 3430 531 3489 viani
544 3430 649 3505 voluit,
665 3431 847 3506 primusque
860 3446 917 3509 per
931 3437 1038 3491 artem
