2326 3780
377 213 573 277 AENEIDOS
596 214 669 277 ΠΒ.
689 217 726 275 ll.
963 214 1026 279 110

73 370 217 448 „Impulit
229 368 278 429 his
292 369 373 444 cingi
386 368 465 441 telis,
481 375 533 428 ant
546 368 733 443 qno-ruist“
753 336 875 443 inquit.¹
972 378 1027 433 ott

73 454 165 531 „Non
177 453 230 513 tali
245 452 357 513 auxilio
371 468 429 513 nec
443 451 658 513 defensoribus
673 452 741 511 istis

72 538 229 614 „Tempus
245 544 331 611 θεοῖς
353 552 425 611 non,
441 537 468 597 si
481 535 551 612 ipse
563 550 652 596 meus
666 551 746 596 nunc
759 534 869 598 afforet
881 536 1005 601 Hector.

77 622 165 696 „Huc
178 620 300 681 undem
315 620 466 681 concedet
487 619 565 679 hacc
579 634 633 679 ara
646 619 778 680 tuebitur
791 635 907 695 omnes,

72 707 159 781 „Aut
171 703 300 764 moriere
315 704 436 765 simul.“
468 702 521 765 Sic
535 718 589 763 ore
603 702 704 777 allata
718 704 834 779 recepit

76 788 128 850 Ad
141 803 213 849 sese
227 793 257 847 et
270 802 359 849 sacra
372 788 556 862 longaevum
569 787 687 847 insede
700 786 822 847 locavit
972 797 1025 853 stt

75 873 157 934 Ecce
171 878 271 932 autem
285 871 410 947 elapsus
423 871 530 950 Pyrrhi
544 872 585 932 dc
598 870 695 931 caede
707 870 830 947 Polites,

74 956 161 1018 Unus
176 962 314 1015 natorum
327 954 445 1027 Priami,
460 970 517 1031 per
528 955 599 1029 tela,
613 969 671 1031 per
683 954 789 1015 hostes

74 1039 243 1101 Porticibus
258 1039 359 1115 longis
372 1039 456 1115 fugit,
471 1045 502 1100 et
515 1054 614 1099 vacua
628 1038 705 1098 atria
716 1039 825 1100 lustrat

76 1122 221 1195 Saunium
244 1123 328 1184 illurn
340 1123 452 1184 ardens
466 1122 577 1185 infesto
591 1123 719 1183 vulnere
730 1121 865 1200 Pyrrhus

74 1208 257 1283 Insequitur,
272 1207 455 1283 muriamque
467 1222 560 1269 manu
572 1213 655 1267 tenet
668 1211 698 1266 et
711 1207 820 1283 premit
833 1208 938 1279 hasta;
972 1216 1026 1275 too

75 1291 115 1352 Ut
126 1291 252 1352 tandem
263 1298 335 1351 ante
349 1291 456 1352 oculos
469 1290 569 1350 evasit
588 1296 619 1351 et
629 1304 685 1351 ora
697 1298 865 1367 parentum,

73 1374 215 1435 concidit
228 1389 265 1434 ac
278 1374 372 1434 multo
384 1375 479 1434 vitam
494 1389 562 1434 cum
575 1373 724 1448 sanguine
740 1374 825 1435 ludit

75 1458 132 1518 Hic
145 1456 291 1533 Priamus,
306 1472 490 1533 quamquam
503 1458 535 1515 in
544 1456 647 1517 media
660 1456 720 1515 iam
733 1464 831 1519 morte
844 1464 971 1534 tenetur,

75 1540 143 1600 Non
156 1546 257 1599 tamen
271 1538 424 1615 abstinuit,
438 1555 495 1601 nec
511 1540 579 1601 voci
593 1538 720 1614 iraeque
732 1541 886 1616 pepercit;

75 1626 138 1700 „At
150 1622 203 1682 tibi
217 1637 275 1699 pro
288 1624 437 1697 scelera‚“
458 1623 608 1683 exclamat
621 1637 698 1699 „pro
712 1622 823 1685 talibus
837 1624 922 1685 ausis
972 1632 1024 1689 5³5

76 1705 144 1782 ,‚I>i,
159 1707 186 1767 si
201 1722 262 1781 qua
275 1712 325 1767 est
337 1707 425 1767 coelo
439 1707 548 1783 pictas,
567 1720 647 1780 quoe
660 1706 733 1766 talia
747 1714 841 1781 curet,

73 1789 275 1866 ‚l’ersolvant
287 1796 389 1866 mus
403 1790 512 1866 dignas
526 1796 557 1851 et
568 1789 706 1865 praemia
718 1790 850 1851 reddant

75 1873 212 1950 „Debita
235 1874 288 1950 qui
302 1873 365 1935 nati
379 1889 482 1935 coram
495 1888 545 1935 mc
558 1888 685 1935 cernue
698 1873 791 1935 letum

74 1957 206 2034 „Fecisti
218 1963 251 2018 et
262 1957 380 2035 patrios
395 1958 527 2019 foedasti
541 1958 648 2018 iunere
659 1957 772 2019 vultus.

73 2043 136 2117 „At
149 2056 211 2101 non
224 2041 283 2116 ille,
299 2048 399 2103 satum
414 2057 475 2117 quo
489 2048 520 2103 te
532 2041 678 2115 mentiris,
691 2042 828 2103 Achilles
973 2048 1026 2105 tto

75 2124 176 2200 „Talis
190 2125 222 2185 in
235 2123 327 2186 hoste
340 2124 397 2186 fult
408 2124 537 2199 Priamo,
555 2125 613 2186 sed
626 2125 694 2185 iura
705 2125 861 2201 fidemque

70 2207 250 2286 „Supplicis
264 2208 393 2286 crubuit,
407 2224 583 2286 corpusque
597 2224 755 2285 exsangue
769 2208 912 2286 sepulcro

74 2292 240 2367 „Reddidit
252 2292 443 2370 Hectoreum,
464 2308 574 2368 meque
588 2293 620 2351 in
633 2308 703 2353 mea
715 2309 811 2369 regna
822 2292 969 2355 remisit“

76 2375 127 2435 Sic
141 2376 221 2437 tatus
236 2377 347 2451 senior,
362 2377 518 2451 telumque
530 2375 692 2437 imbelle
666 2392 733 2437 sinc
747 2377 809 2439 ictu

75 2458 220 2533 coniecit,
234 2474 330 2521 rauco
345 2460 429 2536 quod
441 2460 581 2537 protinus
594 2475 667 2521 acre
679 2461 837 2536 repulsum
970 2460 1026 2527 tlt

74 2541 114 2603 Et
126 2556 244 2603 summo
259 2544 349 2620 clipei
362 2544 569 2621 nequidquam
581 2543 716 2605 umbone
728 2544 885 2621 pependit.

71 2624 130 2686 dui
140 2622 291 2704 Pyrrhum
311 2628 457 2701 ‚meteres
472 2643 545 2704 ergo
560 2627 638 2689 hacc
651 2634 683 2689 et
696 2630 818 2690 nuntius
831 2628 891 2691 ibis

74 2709 219 2784 „Pelidae
231 2710 375 2786 genitorit
396 2711 439 2771 illi
452 2728 522 2772 mea
534 2711 632 2773 tristia
646 2712 727 2774 tacta

71 2794 342 2871 „Degeneremque
355 2795 588 2871 Neoptolemum
601 2811 725 2856 narrare
738 2804 900 2859 memento.
932 2840 935 2845 -

70 2877 335 2952 ‚ilnncnrorerc“
347 2879 956 2956 Hocdiccnqaltariandipsauemcntcm
970 2886 1024 2943 oto
1043 2932 1046 2937 .

73 2962 178 3022 Traxit
189 2968 220 3023 ct
232 2962 264 3023 in
278 2962 372 3025 multo
384 2964 558 3040 lapsantem
570 2964 722 3039 sanguine
735 2964 807 3037 nati,

72 3044 284 3122 implicuitque
298 3061 417 3108 comam
430 3047 528 3121 laeva,
542 3047 713 3122 dextraque
726 3061 888 3108 coruscum
1005 3048 1008 3053 '

73 3128 186 3188 Extulit
200 3144 237 3191 aa
249 3130 336 3191 lateri
350 3132 460 3206 capulo
475 3137 564 3193 tenus
575 3129 693 3193 abdidit
706 3145 822 3191 ensem.

73 3210 157 3271 ilaec
171 3211 242 3275 nutu
254 3210 364 3275 Priami
376 3216 522 3284 latorum
543 3212 594 3275 hic
607 3214 707 3275 exitus
721 3214 804 3275 illurn

72 3292 164 3355 Sorte
175 3294 250 3369 tulit,
264 3296 385 3359 Troiam
397 3298 554 3359 incensam
567 3304 598 3358 et
610 3298 756 3374 prolapsa
768 3296 922 3357 videntem
970 3302 1023 3357 tat

73 3376 229 3455 Pergamo,
242 3384 288 3443 tot
302 3382 457 3457 quondam
468 3380 596 3459 populis
607 3381 764 3457 terrisque
776 3376 959 3454 supernum

71 3462 272 3538 namuurum
284 3464 394 3535 Acium
414 3466 499 3531 lacet
511 3466 626 3547 ingens
639 3466 738 3529 litore
748 3472 903 3532 meus,
