2326 3780
375 212 570 273 AENEIDOS
591 214 664 275 LlB.
679 215 702 273 l.
971 213 1013 277 93

62 371 184 447 „Saeva
199 368 311 428 sedens
327 381 421 443 super
435 383 527 440 arma,
542 373 572 425 et
586 374 705 426 centum
719 366 837 426 vinctus
853 366 938 428 aenis
962 373 1015 430 295

63 455 155 530 „Post
167 461 284 528 tergum
298 452 398 523 nodis,
415 452 521 510 fremet
534 450 677 511 horridus
693 466 746 510 ore
760 456 915 511 cruento.“

62 541 147 598 Haec
161 538 210 607 ait,
227 544 257 597 et
269 536 349 596 hluia
363 537 496 611 genitum
511 535 638 595 demittit
651 534 690 593 ab
704 534 775 603 alto,

63 624 102 682 Ut
115 630 222 693 terrae,
238 628 331 696 utque
345 636 446 680 novae
460 626 583 694 pateant
598 619 786 693 Carthaginis
800 633 888 677 arces

63 705 204 780 Hospitio
218 704 351 779 Teucris,
365 720 404 763 ne
419 704 471 763 lati
486 704 591 762 nescia
604 704 683 762 Dido

62 789 187 850 Finibus
202 795 326 849 arceret.
361 788 453 847 Volat
467 788 518 847 ille
531 790 673 862 pereira
687 802 830 861 magnum
964 794 1016 847 300

62 873 200 948 Remigio
216 874 339 945 010000,
356 887 391 931 00
405 872 522 947 Libyae
537 872 614 931 01000
630 871 746 931 adstitit
759 872 837 941 oris;

61 959 172 1018 Etiam
188 959 273 1018 iussa
287 958 368 1030 lecit,
384 963 562 1032 ponuntque
577 956 693 1016 l'erocia
705 955 798 1015 Poeni

62 1043 164 1103 Corda
177 1044 300 1104 volente
315 1042 392 1112 deo,
414 1042 445 1099 in
460 1042 565 1115 primis
580 1042 687 1115 regina
701 1041 837 1113 quietum

60 1128 181 1203 Accipit
196 1128 225 1186 in
240 1127 373 1186 Teucros
390 1126 521 1184 animum
535 1134 729 1199 mentemque
742 1123 914 1198 benignam.
1008 1176 1011 1183 .

103 1213 143 1270 At
157 1212 227 1285 pius
242 1212 374 1282 Aeneas,
388 1224 445 1283 per
458 1216 579 1268 noctem
597 1209 726 1284 plurima
739 1208 879 1279 volvens,
963 1212 1015 1267 300

60 1296 100 1355 110
113 1295 244 1369 primum
257 1296 311 1352 lux
326 1296 406 1352 alma
419 1293 490 1351 data
504 1301 560 1363 est,
577 1293 661 1351 exire
674 1293 825 1366 locosque

60 1378 229 1452 Explorare
244 1392 354 1449 novos,
371 1392 447 1450 quas
462 1382 554 1434 vento
569 1376 735 1434 accesserit
749 1391 829 1447 oras,

63 1459 118 1532 Qui
132 1466 339 1519 teneant-nam
353 1459 584 1529 1000100100οη
600 1459 780 1517 hominesne
794 1460 926 1532 seraone,

63 1544 213 1616 Quaerere
229 1542 391 1615 constituit,
407 1541 564 1614 sociisque
579 1547 688 1600 exacta
701 1541 823 1600 relerre.
1045 1604 1055 1615 ,

63 1628 200 1686 Classem
215 1627 246 1684 in
261 1639 401 1684 convexo
417 1639 575 1683 nemorum
591 1623 647 1683 sub
662 1639 739 1698 rupe
753 1631 861 1683 cavata
964 1632 1017 1686 310

61 1710 232 1769 Arboribus
249 1711 384 1769 clausam
399 1708 511 1767 circum
527 1714 618 1781 alque
635 1705 828 1766 horrentibus
842 1706 957 1766 umbris

64 1793 188 1868 Occulit,
204 1796 272 1869 ipse
286 1807 348 1853 uno
363 1792 498 1867 graditur
514 1791 674 1851 comitatus
689 1788 815 1864 Achate,

61 1878 139 1941 Bina
153 1896 246 1939 ruanu
260 1879 322 1938 lato
338 1877 477 1953 crispans
492 1875 614 1936 hastilia
628 1875 719 1935 ferro.

62 1965 117 2024 Cui
131 1972 228 2024 mater
240 1962 343 2022 media
357 1976 430 2021 seso
442 1961 509 2020 tulit
523 1958 615 2019 obvia
629 1959 717 2031 silva,
750 2020 753 2029 ,

60 2049 195 2124 Virginis
212 2064 248 2107 os
264 2045 460 2121 habitumque
474 2058 584 2120 gerens
600 2050 631 2102 00
643 2042 769 2117 virginis
784 2057 868 2100 arma
964 2044 1017 2099 315

62 2132 241 2208 Spartanae,
255 2131 305 2191 uel
321 2130 421 2205 qualis
437 2143 535 2203 equos
549 2127 694 2186 lbreissa
708 2126 814 2201 fatigat

61 2218 235 2293 Harpalyce
249 2217 468 2288 volucremque
483 2213 555 2287 luga
569 2210 771 2286 praevertitur
783 2208 933 2268 Hebrum2

61 2300 199 2375 Namque
211 2299 346 2360 humeris
362 2298 401 2357 de
414 2312 500 2357 more
514 2295 647 2354 habilem
662 2294 865 2369 suspenderat
879 2307 982 2353 arcum

61 2384 219 2456 venatrix,
234 2382 422 2457 dederatque
437 2396 556 2442 comam
567 2378 739 2438 diffundere
753 2377 862 2449 ventis,

62 2466 152 2525 h'uda
165 2481 255 2540 genu,
269 2465 415 2542 nodoque
430 2466 516 2525 sinus
533 2464 662 2523 collecta
676 2461 817 2522 fluentes.
963 2466 1017 2521 3²0

63 2550 110 2607 Ac
124 2550 209 2623 prior
222 2550 344 2623 „Heus“
358 2550 454 2624 inquit
468 2550 623 2623 „iuvenes
637 2552 813 2617 monstrate,
828 2561 964 2607 mearuun
1019 2592 1024 2603 .

64 2631 212 2707 „Vidistis
228 2632 255 2691 si
270 2648 362 2711 quam
375 2632 425 2691 hic
440 2640 589 2692 errantem
603 2632 680 2690 10000
695 2642 843 2703 sororum,

64 2714 275 2790 „Succinctam
289 2716 431 2791 pharetra
445 2725 475 2777 00
488 2717 663 2776 maculosae
677 2714 808 2788 tegmine
822 2714 931 2789 lyncis,

63 2800 144 2874 „Aut
158 2800 327 2875 spumantis
342 2801 408 2876 0001
423 2816 544 2861 cursum
559 2800 691 2859 clarnore
705 2800 921 2873 prementem.“

64 2882 116 2944 Sic
130 2884 245 2959 Venus,
261 2890 291 2944 et
303 2885 434 2945 Veneris
449 2892 554 2944 contra
568 2884 613 2943 sic
627 2883 707 2943 illius
724 2897 829 2943 orsus=
964 2884 1016 2937 325

62 2967 169 3043 „Nulla
182 2977 300 3029 tuarum
314 2969 418 3029 audita
432 2969 503 3027 mihi
518 2983 618 3043 neque
631 2968 700 3026 visa
715 2982 864 3037 sororum,
954 2970 1016 3036 [tus

62 3051 106 3127 „0
120 3086 163 3096 —
178 3069 269 3127 quam
282 3061 313 3112 te
327 3069 502 3125 memorem,
517 3052 626 3127 virgo?
646 3066 780 3125 numque
793 3050 875 3110 haud
886 3044 939 3107 tibi
951 3048 1002 3106 vul

61 3136 227 3212 „Mortahs
243 3151 300 3197 nec
313 3152 377 3197 vox
391 3137 544 3198 hominem
559 3142 658 3196 sonat.
694 3133 717 3193 0
733 3135 792 3194 dea
806 3139 902 3202 certe;

60 3220 129 3296 „An
142 3220 257 3279 Phoebi
273 3228 384 3281 sorori
404 3239 442 3281 an
457 3220 665 3296 Nymphartun
680 3218 837 3293 sanguinis
851 3222 934 3277 0001

61 3304 131 3380 „Sis
147 3304 229 3375 lelix,
245 3313 444 3379 nostrumque
456 3306 550 3377 leves,
564 3316 784 3380 quaecumque,
795 3300 940 3374 laborem,
961 3304 1016 3359 3³0

60 3388 126 3464 „Et
142 3403 203 3463 quo
218 3388 276 3449 sub
291 3392 379 3449 coelo
394 3389 525 3462 tandem,
542 3387 652 3463 quibus
669 3386 752 3446 orbis
768 3385 798 3444 in
813 3384 876 3445 oris

60 3470 237 3547 „iactemua
253 3472 383 3535 doceas:
405 3472 501 3547 ignari
516 3472 734 3547 hominumque
747 3470 946 3544 locorumque
