2326 3780
187 240 247 307 198
437 243 470 303 Ρ.
491 241 652 301 VIRGlLII
673 240 854 303 MARONIS

185 396 337 473 „Ipsiusa
355 396 433 456 solio
449 396 541 470 regis,
556 395 707 469 traxitque
721 401 928 469 trementem
971 414 974 419 ·

184 482 244 555 „lli
258 481 413 541 dominam
428 481 503 540 Ditis
519 480 650 539 thalamo
667 478 820 537 deducere
836 482 986 544 adorti.“

185 564 269 639 Quae
284 572 391 625 eontra
402 565 536 624 breviter
550 565 612 622 fata
626 570 674 621 est
687 562 881 638 Amphrysia
895 576 1012 629 vates:

184 650 311 724 „Nullae
325 649 375 709 hie
390 650 521 709 insidiae
534 649 628 706 tales-
639 647 753 706 absiste
767 650 891 708 moveri
900 684 933 727 -,

184 734 267 808 „Nee
280 734 344 792 vim
357 735 418 792 tela
434 735 547 793 learnt:
568 733 639 790 lieet
653 731 760 805 ingens
774 731 892 794 ianitor
907 744 1008 799 antro
1100 743 1134 815 ab

184 821 370 891 „Aeternum
384 821 498 877 latrans
514 831 687 889 exsangues
702 822 812 875 terreat
826 818 988 893 umbras;
1129 822 1134 835 '

184 902 296 977 „Casta
310 902 380 960 lieet
395 902 494 976 patrui
509 906 610 960 servet
623 899 807 974 Proserpina
821 901 934 963 limen.

185 987 312 1060 „Troius
326 987 458 1059 Aeneas,
481 986 593 1060 pietate
607 984 735 1057 insignis
751 990 781 1041 et
794 987 901 1060 armis,
1126 956 1133 1041 l

185 1071 256 1144 „Ad
270 1070 438 1143 genitorem
453 1068 529 1128 imas
544 1068 635 1127 Erebi
650 1068 810 1127 deseendit
824 1071 869 1129 ad
883 1075 1034 1138 umbras.

185 1152 239 1225 „Si
255 1160 284 1211 te
300 1154 383 1212 nulla
397 1162 501 1212 movet
514 1159 615 1211 tantae
630 1152 750 1227 pietatis
766 1152 888 1227 imago;
1098 1166 1122 1219 tt'

185 1238 246 1310 „At
260 1253 377 1295 ramum
390 1237 619 1313 hune“-aperit
632 1253 757 1311 ramum,
774 1237 826 1311 qui
841 1248 940 1301 veste
956 1246 1088 1307 latebat·

184 1322 399 1395 „Agnoseas.“
426 1322 554 1381 Tumida
568 1338 607 1380 ex
622 1321 667 1379 ira
680 1327 743 1380 tum
757 1322 854 1380 eorda
869 1327 1036 1395 residunt.

184 1403 247 1463 Nee
261 1406 349 1480 plura
361 1406 422 1466 his.
451 1406 505 1466 Ille
520 1407 674 1465 admirans
688 1404 867 1466 venerabile
885 1410 1017 1475 donum

183 1487 296 1549 Fatalis
310 1489 423 1566 virgae,
440 1492 531 1566 longo
547 1497 618 1566 post
633 1497 770 1564 tempore
784 1489 900 1571 visum,
1123 1532 1127 1557 ,

186 1573 361 1634 Caeruleam
376 1577 506 1635 advertit
520 1575 649 1651 puppim
660 1574 807 1649 ripaeque
821 1578 1040 1655 propinquat
1098 1560 1129 1647 tll

183 1657 260 1717 Inde
275 1659 350 1718 alias
366 1660 493 1735 animas,
510 1676 590 1735 quae
603 1674 660 1734 per
673 1657 745 1732 iuga
758 1658 852 1733 longa
868 1662 1046 1744 sedebant,

183 1741 338 1817 Deturbat,
353 1747 497 1820 laxatque
511 1745 613 1813 loros;
636 1742 724 1802 simul
740 1742 853 1817 aeeipit
868 1746 970 1808 alveo

182 1826 339 1900 Ingentem
352 1830 490 1889 Aenean.
518 1827 637 1888 Gemuit
651 1827 709 1886 sub
724 1826 863 1901 pondere
881 1833 1010 1909 cymba
1124 1838 1132 1911 t

185 1909 298 1986 Sutilis,
315 1919 345 1971 et
357 1913 482 1972 multam
496 1913 615 1987 aecepit
629 1911 744 1970 rimosa
759 1910 920 1985 paludem.
1125 1922 1128 1967 !

183 1995 319 2054 Tandem
335 1997 555 2057 transfluvium
569 1995 729 2055 incolumis
742 2002 909 2070 vatemque
921 2001 1090 2081 virumque
1099 2006 1122 2060 te

183 2077 309 2138 Inlormi
323 2080 395 2139 limo
411 2082 582 2154 glaucaque
597 2080 723 2155 exponit
738 2079 768 2137 in
784 2079 864 2138 ulva.

183 2162 332 2223 Cerberus
347 2164 426 2222 haee
442 2166 549 2239 ingens
565 2165 674 2223 latratu
688 2176 783 2237 regna
796 2163 923 2224 trilauei

180 2244 338 2323 Personat,
354 2248 487 2309 adverso
503 2248 654 2308 recubans
669 2248 807 2306 immanis
822 2247 855 2306 in
870 2257 982 2315 antro.

182 2329 237 2389 Cui
251 2338 348 2406 vates,
363 2332 490 2393 horrere
503 2333 612 2391 videns
629 2332 689 2390 iam
705 2332 784 2391 eolla
799 2332 952 2411 colubriS,

180 2410 271 2473 Melle
287 2423 465 2491 soporatam
480 2424 511 2477 et
524 2416 683 2475 medicatis
699 2414 837 2490 frugibus
852 2416 957 2481 offam
1099 2426 1122 2483 tl

181 2493 306 2568 Obiioit;
328 2501 380 2559 ille
395 2502 475 2561 lame
488 2499 597 2559 rabida
611 2500 669 2558 tria
683 2506 803 2574 guttura
817 2502 971 2574 pandens

182 2579 313 2656 Corripit
328 2583 488 2659 obiectam,
505 2590 596 2658 atque
611 2584 755 2643 immania
767 2588 854 2659 terga
868 2591 1015 2657 resolvit

179 2662 280 2723 Fusus
295 2665 387 2741 humi,
402 2674 528 2743 totoque
543 2669 651 2742 ingens
666 2668 839 2730 extenditur
852 2678 961 2735 antro.
1129 2732 1133 2739 .

182 2745 319 2822 Occupat
330 2751 455 2811 Aeneas
471 2753 585 2812 aditum
600 2753 730 2812 custode
744 2753 876 2827 sepulto,

177 2830 350 2910 Evaditque
366 2836 448 2894 eeler
460 2836 559 2911 ripam
574 2836 772 2896 irremeabilis
786 2836 901 2897 undae.
1100 2760 1138 2953 ul

221 2917 370 2979 Continuo
386 2920 508 2980 auditae
522 2936 627 2995 voees,
642 2921 762 2995 vagitus
778 2927 808 2979 et
821 2921 949 3001 ingens,

176 3002 523 3078 Infantumqueanimae
538 3005 655 3079 ilentes,
678 3005 708 3064 in
723 3004 825 3064 limine
839 3006 959 3087 primo,

178 3086 261 3160 Quos
277 3087 377 3148 duleis
390 3089 473 3149 vitae
488 3096 629 3149 exsortes
644 3096 674 3148 et
688 3089 725 3147 ab
741 3089 835 3149 ubere
849 3099 968 3165 raptos

175 3169 311 3231 Abstulit
325 3181 390 3231 atra
405 3173 472 3233 dies
489 3181 520 3233 et
533 3174 639 3233 funere
654 3174 758 3233 mersit
772 3171 898 3234 aeerbo.

175 3252 241 3313 Hos
257 3255 340 3314 iuxta
354 3258 433 3317 falso
451 3258 583 3317 damnati
600 3258 724 3316 erimine
739 3257 855 3318 mortis.
1097 3272 1128 3327 m

176 3335 239 3396 Nee
253 3354 329 3398 vero
345 3342 404 3401 hae
419 3341 491 3403 sine·
502 3349 585 3402 sorte
601 3341 699 3415 datae,
715 3342 781 3402 sine
796 3342 910 3419 iudice,
929 3352 1052 3417 sedeat

175 3419 340 3497 Quaesitor
352 3424 458 3487 ltlinos
469 3442 583 3487 urnam
591 3434 714 3494 monete
730 3426 784 3482 'nte
794 3424 956 3490 silentum
1055 3490 1058 3495 ,

59 3480 78 3574 Ι·
171 3509 419 3593 Consiliumque
432 3516 541 3587 voeat,
551 3510 701 3579 vitasque
713 3513 746 3562 et
757 3504 889 3560 et'tttt'ma
899 3507 1019 3573 dasem„
