2326 3780
101 178 124 243 a
374 176 408 237 Ρ.
428 177 587 237 vinoun
606 176 782 239 nasone
877 179 880 183 ’
997 163 1000 171 ’

443 328 708 391 MENALGAS.

103 416 140 477 tt
154 432 203 475 ine
215 412 358 476 Phoebus
372 422 467 475 amat:
486 414 612 475 Phoebo
626 430 684 474 sua
697 429 820 490 semper
836 419 932 492 apud
946 436 1000 482 me

103 500 230 561 Munera
243 508 321 571 sunt,
337 500 414 559 lauri
427 506 458 559 et
472 514 569 559 suave
580 498 695 559 rubens
708 498 913 576 hyacinthus.

440 581 709 643 DAMOETAS.

102 668 184 728 Malo
199 684 247 728 rue
263 668 388 728 Galatea
400 667 484 744 petit,
497 667 616 727 lasciva
628 667 739 743 puella,

102 752 140 813 Et
155 752 229 829 fugit
242 753 283 812 ad
298 752 419 826 salices,
435 757 466 811 et
479 767 514 811 se
529 751 612 826 eupit
624 759 694 811 ante
707 751 816 813 videri.
1039 767 1070 823 ω
1104 802 1105 807 ,

443 834 709 896 MENALGAS.
1103 816 1105 887 l

102 924 144 981 At
158 920 230 979 inihi
245 936 317 980 sese
332 918 422 980 offert
434 921 514 979 ultro
527 934 615 979 meus
629 919 717 995 ignis,
731 921 896 999 Amyntas,
924 968 928 973 .

102 1004 207 1064 Notior
220 1011 253 1063 ut
267 1004 326 1063 iam
342 1004 381 1065 sit
395 1003 522 1065 canibus
536 1019 598 1063 non
611 1003 699 1064 Delia
711 1006 834 1065 nostris.

442 1086 710 1169 annotatas.

101 1171 191 1232 Porta
204 1185 291 1231 meae
304 1171 418 1231 Veneri
432 1177 503 1232 sunt
516 1186 657 1231 munerat
678 1187 810 1247 namque
824 1178 938 1236 notavi
1004 1208 1007 1213 ·

102 1254 175 1331 lpse
189 1257 298 1329 loeiun,
314 1256 416 1315 atriae
431 1271 492 1331 quo
508 1271 694 1333 congessere
706 1256 878 1333 palumbes.

440 1339 600 1400 MENAL
609 1340 705 1401 CAS.

103 1422 192 1498 Quod
204 1423 299 1500 potui,
315 1440 412 1500 puero
428 1425 561 1485 silvestri
576 1440 616 1485 ex
629 1424 739 1485 arbore
752 1426 831 1486 leota
1035 1440 1066 1496 το

101 1509 206 1569 Aurea
220 1509 301 1569 mala
316 1509 424 1570 decem
436 1509 522 1580 misi;
545 1525 614 1570 oras
628 1510 723 1569 altera
736 1510 860 1570 mittam.

442 1590 669 1659 ΒΑΜΟΕΤΑ
676 1592 707 1653 S.

103 1674 126 1737 0
142 1677 262 1752 quoties
276 1685 307 1739 et
320 1694 400 1754 quae
413 1678 503 1738 nobis
518 1678 644 1738 Galatea
655 1678 758 1737 locuta
772 1683 834 1738 est!

100 1758 220 1823 Partem
230 1762 372 1840 olquam,
387 1762 478 1835 venti,
494 1762 600 1823 divum
613 1762 751 1822 referatis
766 1761 806 1821 ad
820 1776 926 1823 aures.

444 1840 708 1906 MENALCAS.

103 1929 180 2005 Quid
190 1930 326 2007 prodest,
343 1930 426 2004 quod
437 1944 486 1988 me
496 1928 566 2003 ipse
576 1929 677 1989 animo
689 1945 751 1989 non
763 1928 894 2005 spernis,
910 1933 1059 2012 Amynta,

102 2014 144 2087 Si,
161 2015 233 2074 dum
246 2021 279 2073 tu
294 2014 422 2073 seotaris
436 2026 539 2087 apros
555 2027 612 2087 ego
627 2014 704 2072 retia
718 2020 832 2073 servot
1027 2026 1059 2083 75

440 2094 709 2157 DAMOETAS.

99 2179 240 2257 Phyllida
253 2178 337 2238 mitte
350 2178 437 2237 mihi:
459 2194 546 2240 meus
561 2188 609 2241 est
623 2182 741 2254 natahs,
757 2181 848 2251 Iolla;

101 2264 198 2339 Quum
212 2263 322 2323 laeiarn
337 2262 429 2323 vitula
442 2279 499 2339 pro
514 2265 660 2341 frugibus,
674 2267 743 2341 ipse
758 2265 869 2324 venito.

440 2348 705 2410 MENALCAS.

98 2430 240 2508 Phyllida
254 2445 322 2491 amo
338 2440 408 2493 ante
422 2434 514 2494 alias:
537 2450 607 2493 narn
618 2448 670 2492 me
683 2432 845 2492 discedere
859 2430 957 2512 flevit,

98 2515 136 2575 Et
149 2514 315 2590 „Longunn
332 2517 475 2592 formose,
492 2517 568 2589 vale,
582 2518 690 2575 valet“
711 2516 816 2591 inquit,
831 2516 916 2580 lolla

435 2599 703 2661 DAMOETAS.

98 2682 194 2743 triste
208 2684 299 2761 lupus
314 2683 450 2758 stabulis,
466 2684 590 2745 maturis
605 2684 742 2759 frugibus
757 2684 879 2759 imbres,
936 2706 939 2711 ·
1022 2700 1058 2755 ω

97 2766 268 2830 Arboribus
284 2770 374 2843 venti,
389 2768 479 2829 nobis
493 2767 691 2844 Amaryllidis
706 2770 779 2829 irae.

435 2848 596 2910 MENAL
605 2851 701 2912 CAS.

98 2935 194 2997 Dulce
207 2936 282 2997 satis
296 2935 414 3007 humor,
429 2934 566 3010 depulsis
581 2935 705 2997 arbutus
719 2936 838 3009 haedis,

96 3019 192 3081 Lenta
206 3021 285 3080 salix
299 3018 361 3077 leto
375 3018 490 3092 pecori,
506 3019 579 3078 mihi
594 3020 680 3081 solus
694 3021 855 3097 Amyntas.

435 3100 703 3165 DAMOETAS.
898 3106 901 3111 '

96 3185 192 3246 Pollio
207 3191 286 3244 amat
301 3192 444 3258 nostram,
460 3188 599 3263 quamvis
615 3195 663 3249 est
674 3188 797 3265 rustica,
810 3188 946 3251 hlasana

95 3268 241 3343 Pierides,
256 3268 380 3331 vitulam
394 3271 499 3332 leotori
513 3273 631 3349 pascite
644 3279 759 3334 vestro.
1019 3288 1057 3343 aa

440 3356 704 3418 MENAtcAs.

96 3433 192 3496 Pollio
207 3441 238 3497 et
251 3436 319 3515 ipso
334 3438 406 3500 lacit
419 3457 501 3503 nova
515 3442 662 3502 carminat
683 3441 802 3518 pasoite
814 3446 944 3519 taurum,
