2326 3780
311 183 505 246 mammos
526 184 603 245 LIB.
616 184 667 247 XI.
902 186 966 252 aba

103 340 181 417 tiqui
194 338 334 413 Ausonii,
350 356 429 414 quae
442 356 501 400 vos
516 340 637 398 fortuna
651 339 770 413 quietos

103 424 214 497 llicitat,
230 423 403 499 suadetque
418 425 521 500 ignota
536 424 690 483 lacessere
703 423 802 484 bellat

103 509 247 584 icumque
262 507 371 567 iliacos
387 508 467 568 leno
482 506 665 568 violavimus
678 522 770 583 agros
780 538 794 549 -
915 516 967 571 255

103 599 144 655 tto
159 608 205 665 ea,
221 607 302 668 quae
315 592 409 652 muris
423 591 567 651 bellando
582 590 732 651 exhausta
747 590 804 652 sub
818 592 897 667 altis,

103 691 143 739 ‚os
159 675 272 736 Simois
287 684 405 752 premat
418 677 469 735 ille
482 675 567 735 viros
579 708 607 748 ·‚
631 675 756 736 iulanda
769 690 826 752 per
839 674 945 737 orbem

103 760 221 838 ¹pplioia
235 767 264 820 et
278 762 429 821 scelerum
444 775 562 836 poenas
578 759 781 835 expendimus
796 776 913 835 omnes,

103 846 117 904 l
130 844 249 905 Priamo
263 845 440 905 miseranda
452 860 577 905 manus:
600 844 659 904 scit
671 844 757 904 trista
769 838 926 905 Minervae

103 930 163 1013 lus
180 936 210 989 et
222 928 378 989 Euboicae
392 937 498 990 cautes
511 930 655 1004 ultorque
669 929 855 1006 Caphereus.
917 936 972 992 260

103 1014 162 1073 litia
178 1029 217 1073 ex
230 1013 284 1072 illa
297 1014 453 1075 diversum
466 1014 507 1073 ad
521 1014 592 1073 litus
607 1012 716 1087 abacti,

103 1098 184 1158 rides
197 1097 298 1157 Protei
311 1098 468 1158 Menelaus
484 1097 525 1159 ad
539 1112 639 1173 usque
654 1099 813 1159 columnas

103 1183 194 1256 sulat,
209 1183 365 1242 Aetnaeos
379 1183 457 1242 vidit
471 1162 623 1260 cvclopas
637 1180 753 1244 Ulixes.

103 1282 168 1343 gna
180 1266 372 1342 Neoptolemi
385 1268 524 1339 referam,
539 1282 714 1345 versosque
728 1274 857 1344 penates

103 1351 225 1423 amanei,
240 1350 398 1426 Libycone
411 1350 583 1411 habitantes
598 1344 692 1410 litore
699 1352 837 1411 Locrost
920 1358 972 1413 266

103 1450 134 1495 se
147 1433 335 1508 Mycenaeus
349 1449 529 1508 magnorum
544 1433 652 1493 ductor
665 1435 817 1494 Achivum

103 1516 210 1590 vniugis
224 1517 368 1593 infandae
381 1518 479 1593 prima
493 1517 570 1576 intra
583 1517 688 1595 limina
701 1517 810 1577 dextra

103 1600 213 1676 ›petiit3
237 1600 389 1660 devictam
402 1601 508 1660 Asiam
524 1599 664 1660 subsedit
677 1600 804 1661 adulter.

103 1684 216 1743 vidisse
231 1685 318 1759 deos,
333 1685 439 1759 patriis
454 1691 486 1744 ut
498 1685 637 1745 redditus
651 1684 713 1745 aris

104 1768 976 1845 iniugiumoptatumetpulchramCalydonavideremti‘ltt

106 1868 150 1913 mc
167 1852 258 1912 etiam
271 1852 408 1913 horribili
421 1852 490 1912 visu
506 1859 647 1928 portenta
660 1857 836 1928 sequuntur,

116 1937 193 1999 socii
209 1937 314 1998 amissi
328 1937 480 2013 petierunt
492 1936 617 1996 aethera
630 1937 749 2012 pennis,

109 2020 315 2097 rminibusque
328 2028 478 2096 vagantum
492 2036 568 2081 aves
581 2053 594 2063 -
609 2020 669 2080 heu
684 2021 751 2081 dira
764 2034 902 2081 meorum

112 2106 240 2182 pplicia!
257 2138 270 2149 -
285 2110 316 2166 et
328 2106 475 2181 scopulos
490 2105 662 2166 lacrimosis
676 2105 806 2167 vocibus
821 2105 956 2181 implent

112 2205 151 2249 ‚ec
166 2190 245 2250 adeo
259 2206 300 2250 ex
312 2189 364 2249 illo
378 2189 453 2249 mihi
467 2190 527 2249 iam
542 2191 696 2266 speranda
710 2192 829 2251 luerunt
925 2194 976 2251 ata

113 2289 227 2349 mpore‚
244 2291 339 2350 quum
352 2274 433 2334 ferro
448 2275 594 2335 eoelestia
608 2290 739 2350 corpora
752 2274 879 2334 demens

114 2357 192 2433 petii
205 2364 237 2418 et
249 2358 380 2418 Veneris
394 2358 509 2418 violavi
522 2359 649 2419 vulnere
664 2358 811 2420 dextram.

126 2456 209 2516 vero,
223 2456 327 2503 neme
341 2443 381 2502 ad
394 2444 472 2503 tales
486 2442 631 2519 impellite
645 2458 776 2518 pugnas.

117 2538 131 2585 r
143 2523 217 2584 mihi
230 2540 300 2586 cum
313 2527 437 2612 Teucris
451 2527 545 2588 ullum
559 2533 631 2604 post
645 2534 730 2588 eruta
743 2526 856 2587 bellum

119 2624 223 2684 gama
238 2625 296 2670 noc
310 2618 447 2672 veterum
459 2612 582 2672 memini
596 2615 732 2672 laetorve
745 2612 903 2672 malorum.
925 2618 977 2673 280

121 2708 202 2767 uera,
218 2710 300 2770 quae
313 2695 420 2771 patriis
435 2696 475 2756 ad
489 2712 537 2757 me
551 2695 679 2772 portatis
693 2696 732 2756 ab
747 2697 821 2770 oris,

122 2778 184 2838 rtite
198 2779 239 2839 ad
251 2780 389 2840 Aenean.
424 2778 566 2841 Stetimus
581 2782 642 2841 tela
656 2796 768 2856 aspera
781 2787 895 2851 contra,

123 2863 319 2940 ttulimusque
333 2880 458 2925 manus:
481 2872 608 2942 experto
624 2865 746 2940 credite,
762 2870 896 2940 quantus

125 2946 250 3023 elipeum
264 2955 414 3025 assurgat,
431 2966 492 3025 quo
507 2949 629 3010 turbine
642 2954 784 3025 torqueat
797 2947 926 3007 hastam.

127 3030 180 3092 luo
195 3039 354 3108 praeterea
366 3035 444 3094 tales
459 3034 553 3095 Idaea
566 3030 695 3093 tulisset
927 3038 982 3093 ²85

128 3130 160 3173 ra
173 3116 275 3188 viros3
296 3118 375 3179 ultro
389 3118 530 3179 Inachias
544 3117 681 3177 venisset
695 3116 736 3175 ad
748 3113 841 3175 urbes

129 3196 241 3276 danus,
256 3208 287 3262 et
298 3202 400 3263 versis
413 3203 531 3276 lugeret
544 3200 671 3261 Graecia
685 3200 765 3269 latis.

131 3280 224 3356 dquid
239 3286 321 3361 apud
336 3286 431 3346 durae
445 3292 600 3346 cessatum
615 3291 663 3345 est
675 3283 797 3344 moenia
810 3283 926 3359 tholae,

132 3366 210 3426 toris
222 3369 412 3446 Aeneaeque
425 3386 517 3429 manu
530 3369 659 3429 victoria
673 3367 796 3429 Graidm

133 3448 178 3510 isit
191 3457 223 3511 et
234 3450 266 3513 iu
281 3453 433 3514 dommum
445 3454 576 3531 vestigia
590 3453 691 3516 retulit
704 3469 832 3514 annum.
933 3454 999 3506 ”m

135 3548 225 3596 imme.
754 3547 798 3599 ab
