2326 3780
130 190 173 253 86
398 189 430 247 Ρ.
452 188 613 248 VlRGlLIl
633 186 808 249 MARONlS

130 342 184 402 llis
199 356 331 401 accensa
346 356 448 418 super,
464 341 592 401 iactatos
607 356 741 416 aequore
755 346 818 401 toto

129 427 234 499 Troas,
248 424 392 500 reliquias
406 425 544 485 Danaum
559 431 651 499 atque
665 425 786 483 immitis
800 422 920 497 Achilli,

131 510 263 569 Arcebat
276 510 367 585 longe
380 510 483 578 Latio;
506 510 680 583 multosque
696 524 751 583 per
765 524 863 568 annos

130 593 278 653 Errabant
291 594 350 654 acti
366 595 434 654 latis
449 594 544 652 maria
558 593 660 652 omnia
674 593 796 652 circum.

135 686 243 737 ranlae
257 679 346 738 molis
362 686 426 737 erat
438 677 607 736 Romanam
622 676 755 736 condere
770 683 900 750 gentem.

172 762 234 821 Vix
248 777 265 821 e
280 769 448 837 conspectu
463 759 583 819 Siculae
597 761 713 819 telluris
728 760 758 818 in
774 760 867 819 altum

131 847 210 905 Vela
224 845 337 905 dabant
351 845 421 903 laeti
436 850 466 903 et
479 860 605 919 spumas
621 844 695 903 salis
710 859 782 902 aere
796 843 933 915 ruebant

132 932 229 1002 Quum
242 930 327 1000 luno,
344 936 497 988 oeternum
513 943 641 987 servans
657 926 714 987 sub
729 934 854 1004 pectore
868 929 988 1003 vulnus3
1081 994 1084 999 ,

132 1013 215 1071 llaec
229 1027 348 1072 secum:
370 1012 478 1086 „Mene
493 1013 613 1086 incepto
628 1011 778 1071 dcsIstere
791 1011 911 1086 victam,

132 1097 213 1172 „Nec
226 1111 322 1172 posse
336 1095 422 1155 ltalia
435 1096 618 1154 Teucrorum
632 1103 770 1155 avertere
783 1102 908 1170 regem?

131 1180 270 1256 „Quippe
283 1186 371 1238 vetor
384 1179 464 1238 latis.
497 1178 637 1239 Pallasne
651 1195 780 1239 exurere
794 1181 926 1239 classem

142 1264 298 1339 ,Argivum
313 1270 405 1337 atque
418 1264 505 1339 ipsos
520 1264 617 1338 potuit
631 1263 827 1339 submergere
841 1272 936 1339 ponto

132 1347 248 1423 „Unius
264 1347 303 1406 ob
319 1363 431 1406 noxam
445 1355 475 1407 et
489 1348 583 1408 furias
598 1348 702 1408 Aiacis
717 1346 814 1406 Oileit

133 1431 233 1507 „Ipsa
247 1431 329 1492 lovis
343 1431 485 1507 rapidum
499 1432 629 1491 iaculata
644 1448 661 1490 c
675 1431 806 1492 nubibus
822 1431 930 1505 ignem,

132 1514 337 1591 „Disiecitque
350 1523 432 1576 rates
447 1518 614 1590 evertitque
628 1531 765 1589 aequora
777 1515 893 1586 ventis3

132 1599 237 1674 „Illum
252 1599 456 1675 exspirantem
470 1600 618 1661 transfixo
634 1606 758 1674 pectore
772 1597 912 1660 flammas

132 1681 280 1757 „Turbine
295 1684 448 1760 compute,
466 1686 656 1761 scopuloque
672 1683 770 1742 infixit
784 1690 884 1743 acuto.

42 1781 45 1785 ·
132 1768 208 1842 „Ast
223 1784 290 1842 ego,
307 1785 386 1843 quae
401 1770 505 1830 divdm
519 1768 628 1828 incedo
644 1768 758 1843 regina,
773 1765 918 1842 Iovisque
965 1846 968 1853 Ι

133 1850 189 1927 „Et
203 1867 292 1912 soror
307 1859 337 1912 ct
350 1854 471 1924 coniux,
486 1870 548 1913 una
563 1868 630 1911 cum
645 1858 734 1925 gente
749 1856 792 1911 tot
806 1866 904 1910 annos
991 1909 995 1915 .

131 1934 238 2009 „Bella
251 1943 347 2011 gero?
366 1936 404 1996 Et
419 1936 580 2012 quisquam
594 1950 703 1994 numen
718 1933 842 1994 lunonis
858 1934 966 1994 adorat

132 2019 319 2092 „Praeterea
335 2027 387 2077 aut
400 2020 533 2093 supplex
547 2019 608 2077 aris
623 2019 759 2093 imponet
772 2018 959 2079 honoremt“

131 2101 215 2161 Talia
229 2102 382 2161 flammato
398 2118 503 2161 secum
517 2102 575 2159 dea
590 2101 684 2160 corde
697 2102 839 2161 volutans

131 2185 306 2245 Nimborum
320 2185 350 2242 in
365 2185 501 2260 patriam,
516 2186 585 2244 loca
600 2186 660 2244 leta
674 2185 842 2246 iurantibus
857 2186 987 2260 Austris,

130 2267 271 2329 Aeoliam
284 2268 377 2327 venit.
411 2268 468 2327 Hic
482 2275 570 2328 vasto
585 2285 641 2327 rex
654 2269 770 2329 Aeolus
786 2276 872 2328 antro

131 2350 294 2411 Luctantes
310 2358 420 2411 ventos
433 2359 694 2427 tempestatesque
710 2367 840 2413 sonoras

131 2434 262 2509 lmpcrio
277 2435 394 2510 premit,
410 2452 447 2495 ac
463 2436 569 2496 vinclis
585 2444 614 2495 et
629 2451 751 2495 carcere
765 2436 872 2496 frenat.

131 2517 178 2576 Illi
193 2517 394 2593 indignantes,
409 2535 519 2594 niagno
534 2535 603 2578 cum
616 2534 768 2579 inrumure
783 2520 903 2594 montis,

132 2600 251 2661 circum
265 2603 397 2663 claustra
411 2604 554 2674 tremunt;
578 2604 661 2662 celsa
675 2603 763 2663 sedet
776 2604 892 2665 Aeolus
907 2620 986 2678 arce,

132 2684 262 2759 Sceptra
272 2692 389 2761 tenens,
404 2688 562 2761 mollitque
576 2687 695 2747 animos
711 2694 901 2763 attemperat
914 2689 991 2749 iras:

132 2768 169 2828 ru
183 2768 283 2842 iaciat,
298 2771 394 2829 maria
407 2786 444 2830 ac
457 2777 555 2830 terras
570 2760 752 2846 coelumque
766 2772 951 2846 profundum

131 2852 251 2929 Quippe
265 2855 363 2913 lerant
376 2855 475 2929 rapidi
490 2870 595 2915 secum
607 2862 791 2931 verrantque
804 2871 861 2932 per
875 2872 975 2917 auras.

132 2934 196 2997 Sed
210 2943 297 3013 pater
311 2940 504 3014 omnipotens
519 2940 673 3014 speluncis
685 2938 802 2999 abdidit
815 2938 897 3011 atris,

130 3020 199 3081 lloe
211 3029 359 3096 metuens,
375 3024 548 3099 molemque
561 3030 592 3083 et
605 3030 723 3083 montes
738 3023 865 3099 insuper
879 3024 957 3085 altos

131 3104 288 3182 Imposuit,
303 3121 468 3183 regemque
483 3108 575 3180 dedit
592 3108 643 3182 qui
659 3107 784 3167 loedere
795 3113 878 3167 certo

131 3188 170 3249 Et
182 3205 321 3265 premere
335 3198 366 3250 et
378 3192 466 3251 laxas
481 3193 573 3251 sciret
586 3190 661 3251 dare
674 3191 778 3250 iussus
791 3189 939 3249 habenas.

131 3270 182 3332 Ad
197 3290 287 3348 quem
301 3280 365 3334 tum
378 3275 453 3336 luno
469 3276 602 3351 supplex
614 3272 664 3335 liis
677 3272 807 3334 vocibus
820 3289 878 3333 usa
893 3279 954 3332 ests

129 3357 396 3433 „Aede-namque
409 3358 462 3418 tibi
477 3359 582 3418 divum
596 3364 683 3432 pater
696 3364 789 3433 atque
802 3356 957 3417 hominum
971 3370 1028 3417 rex
1048 3366 1086 3423 65

131 3438 188 3514 „Et
200 3440 334 3502 mulcere
347 3442 432 3503 dedit
445 3440 557 3502 fluctus
572 3447 602 3501 et
615 3441 721 3501 tollere
735 3447 851 3513 vento,
