2326 3780
96 276 212 337 xxxvl
417 276 721 337 tituttottucrro.

97 430 204 503 Virgilii
223 433 281 491 vita
300 449 334 489 ue
347 433 446 491 studiis
459 434 606 506 scripsisse
616 432 777 506 Wagnerus
791 431 830 489 ul
842 431 914 488 Aen.
926 430 964 488 V.
978 430 1053 495 871.

98 532 160 571 oum
175 514 339 591 Spaldingio
352 519 391 575 ad
403 517 510 587 Omittit.
522 518 557 573 X.
571 515 601 578 3.
614 517 642 578 8.
661 524 689 573 et
700 516 853 575 Weiolrert
867 518 903 573 de
917 516 951 573 t.
973 516 1057 575 Vnt-ri

97 606 124 657 et
133 600 221 657 Curtii
229 601 384 659 pamma
393 598 480 675 pat.
496 604 651 674 suspicatus
663 610 714 674 est,
725 601 895 671 Alexender,
909 601 1054 674 Hyginus,

96 686 191 757 Asper
202 693 229 742 et
240 686 375 744 Cornutus
387 689 473 743 luisse
484 686 619 743 dicuntur.
639 687 703 742 viu
714 686 838 742 Maerob.
851 685 909 742 Sat.
921 686 968 741 lll.
981 682 1012 746 5‘.
1022 687 1053 746 6.

98 774 127 825 et
139 769 175 825 V.
186 770 215 831 9.
228 770 277 833 22·
290 779 317 827 et
327 771 430 829 Gellius
440 771 460 826 l.
472 771 539 842 21.,
556 773 588 827 ll.
600 772 645 841 6.,
659 770 693 826 V.
705 770 750 841 8.,
764 770 810 827 DL
822 768 872 841 10.
884 776 936 826 eto.
966 771 1055 826 Eleu-

92 852 181 911 -uhum
196 871 292 912 eorum
306 861 370 927 post
382 856 537 911 Fabricium
551 863 579 915 et
592 856 780 912 Burmannum
795 852 958 912 Secundum
972 854 1054 927 lley-

98 939 160 993 nius
175 940 203 993 in
217 939 338 997 editione
348 939 457 1011 Virgilii
470 942 575 996 maiore
590 940 674 996 dedit.
703 938 742 996 (ii.
753 939 801 994 W.
812 939 845 995 H.
856 937 890 993 lt.
902 936 1056 1011 Suringar.

96 1022 223 1081 Historia
243 1026 338 1081 eritr‘ta
356 1023 565 1081 relaturorum
584 1024 744 1081 latinorum
768 1025 840 1083 Part.
854 1023 887 1077 ll.
914 1038 979 1095 cup.
992 1022 1054 1080 Xll.

62 1100 66 1109 '
98 1106 144 1163 nd
158 1115 281 1167 nostram
295 1114 413 1165 aetatem
424 1117 534 1180 praeter
545 1109 730 1178 Macrobium,
749 1109 925 1180 Fulgentium
942 1114 973 1163 et
990 1108 1053 1163 Pri-

98 1193 235 1264 seianum,
256 1195 303 1265 qui
318 1193 408 1249 minus
422 1193 477 1249 hue
488 1194 634 1264 pertinent,
654 1199 844 1265 pervenerunt
858 1195 1055 1249 commentarii

98 1275 203 1333 Valerii
223 1279 306 1334 Probi
326 1284 354 1334 et
372 1278 442 1333 lunii
461 1276 627 1350 Philargyrii
652 1279 681 1332 in
704 1278 835 1334 Bucolica
856 1282 884 1332 et
904 1275 1056 1351 Georgica,

98 1360 152 1418 Titi
172 1360 280 1421 Claudii
293 1362 392 1418 Donati
412 1363 440 1417 in
454 1362 610 1418 Aeneidem
624 1369 652 1418 et
664 1360 756 1420 Servii
771 1361 860 1417 Mauri
872 1360 1014 1418 lionoroti
1030 1365 1059 1420 in

99 1447 193 1503 omniu
216 1447 287 1506 haee
313 1448 451 1517 earmina,
481 1454 564 1519 atque
588 1449 692 1519 aliquot
715 1453 843 1503 veterum
870 1445 1056 1522 interpretum

100 1528 214 1591 Scholia
227 1536 262 1591 ob
276 1533 349 1606 ung.
365 1530 439 1589 Maio
453 1531 605 1589 Mediolani
619 1549 645 1588 a.
659 1530 750 1593 1818.
763 1531 845 1587 edita.
