2340 4296
346 662 543 725 AENEIDOS
564 664 639 725 LlB.
659 665 740 724 vill.
961 666 1024 731 251

64 819 139 881 (lum
152 815 291 877 Patribus
304 815 494 892 Populcque,
508 814 672 877 Penatibus
686 824 718 877 et
730 819 850 893 magnis
864 817 929 895 liis,

64 902 157 965 Stans
170 901 257 963 celsa
268 901 300 961 iu
312 898 426 977 puppi:
448 899 587 975 gentinus
601 900 651 961 cui
664 906 805 975 tempora
817 900 958 965 lianrmas
973 913 1027 969 otto

63 988 159 1047 Laeta
170 990 305 1059 vomunt,
319 984 512 1062 patriumque
526 984 662 1059 aperitur
674 984 791 1045 vertice
804 987 908 1058 sidus余

62 1071 152 1132 Parte
167 1069 227 1129 alia
240 1068 340 1129 ventis
354 1075 386 1129 et
399 1064 449 1128 dis
463 1067 604 1145 Agrippa
618 1064 765 1129 securidis

63 1154 189 1215 Arduus
204 1168 313 1229 agmen
326 1167 438 1229 ugensr
460 1152 518 1226 cui,
533 1151 606 1214 belli
619 1152 740 1228 insigne
754 1154 932 1230 superbum,

62 1240 215 1314 Tempora
228 1236 329 1299 navali
343 1236 461 1313 luigent
473 1243 606 1297 rostrata
619 1252 744 1298 corona.

62 1322 141 1385 Hinc
156 1338 216 1399 ope
229 1320 390 1383 barbarica
402 1320 557 1396 variisque
571 1322 723 1382 Antonius
738 1324 841 1397 armis,
972 1332 1025 1387 685

63 1408 172 1468 Victor
184 1406 224 1467 cir
237 1408 377 1468 Aurorae
391 1405 515 1481 populls
529 1413 560 1466 et
573 1405 662 1467 litore
675 1404 779 1481 rubro,

61 1492 240 1569 Aegyptum
254 1492 400 1567 viresque
416 1488 547 1550 Orientis
561 1497 591 1549 et
605 1490 709 1551 ultima
725 1506 830 1552 secum

61 1576 172 1637 Bactra
186 1574 285 1647 vehit余
309 1574 509 1650 sequiturque
523 1605 536 1615 -
550 1574 653 1635 nefas!
671 1575 853 1652 -Aegyptia
867 1575 988 1650 coniux,

62 1662 131 1723 Una
145 1675 251 1721 omnes
266 1674 365 1731 ruere,
380 1672 417 1717 ac
431 1666 527 1719 totum
540 1674 685 1735 spumare
697 1660 836 1720 reductis

63 1744 251 1827 convulsum
265 1742 358 1803 remis
371 1741 543 1817 rostrisque
557 1742 738 1804 tridentibus
753 1759 880 1819 aequor.
971 1752 1024 1807 690

42 1829 133 1888 'Alta
147 1834 266 1903 petunt:
288 1827 400 1903 pelago
415 1826 525 1887 credas
540 1826 647 1888 innare
661 1829 804 1889 revulsas

64 1911 226 1988 Cycladas,
241 1918 293 1971 aut
306 1918 427 1971 montes
442 1926 624 1971 concurrere
638 1912 793 1973 montibus
809 1912 904 1972 altos=

62 1996 158 2055 Tanta
171 1996 252 2055 mole
265 1995 322 2055 viri
336 1994 451 2056 turritis
464 1995 622 2071 puppibus
635 1994 758 2057 instant.

65 2078 203 2155 Stuppeu
216 2078 340 2139 flamma
353 2096 445 2139 manu
459 2080 574 2155 telique
589 2079 714 2139 volatile
729 2080 842 2140 lerrum

64 2160 238 2237 Spargitur余
260 2179 336 2223 arva
348 2179 432 2224 nova
447 2162 597 2239 Neptunia
611 2165 708 2223 caede
721 2164 897 2225 rubescunt.
971 2171 1023 2226 695

63 2246 182 2321 Regina
196 2247 226 2306 in
240 2247 349 2308 mediis
364 2247 463 2325 patrio
478 2256 570 2307 vocat
583 2248 706 2323 agmina
719 2249 822 2321 sistro,

61 2330 200 2391 Necdum
214 2332 305 2393 eliam
317 2332 457 2409 geminos
473 2347 492 2391 u
505 2339 590 2407 tergo
605 2332 731 2407 respicit
745 2328 872 2407 angues.

62 2414 326 2492 omnigenumque
340 2416 432 2477 dedm
446 2424 584 2477 monstra
597 2424 627 2476 et
641 2417 766 2476 latrator
778 2414 897 2477 Anubis

64 2500 177 2560 Contra
191 2501 362 2577 Neptunum
377 2506 408 2561 et
421 2501 573 2561 Venerem
589 2508 755 2575 contraque
770 2501 936 2561 Minervam

29 2628 32 2633 .
60 2584 134 2645 Tela
147 2592 260 2645 tenent.
296 2584 401 2644 Saevit
415 2585 516 2643 medio
532 2585 561 2643 in
577 2585 742 2644 certamine
760 2585 884 2645 Mavors
970 2592 1023 2647 700

61 2668 203 2729 caelatus
219 2669 309 2742 lerro,
325 2668 490 2742 tristesque
505 2684 545 2727 ex
557 2670 682 2729 aethere
695 2669 803 2740 Diraes

60 2750 100 2811 Et
113 2754 213 2813 scissa
226 2752 365 2828 gaudens
381 2752 465 2812 rudit
478 2752 641 2813 Discordia
654 2752 746 2827 palla,

62 2834 160 2909 Quam
174 2852 242 2897 cum
256 2838 426 2912 sanguineo
443 2838 581 2913 sequitur
592 2836 722 2897 Bellone
734 2835 869 2912 flagello.

61 2918 170 2979 Actius
184 2920 261 2980 haec
276 2935 405 2981 cernens
420 2937 525 2982 arcum
539 2921 716 2982 intendebat
728 2922 842 2996 Apollo

59 3002 217 3079 Desuporr
241 3005 341 3065 omnis
354 3020 393 3065 eo
408 3012 524 3067 terrore
536 3008 698 3083 Aegyptus
714 3012 745 3067 et
757 3006 833 3080 ludi,
970 3010 1021 3067 705

60 3084 167 3149 Omnis
180 3088 291 3159 Arabs,
307 3104 415 3151 omnes
427 3090 588 3151 vertebant
600 3097 687 3166 terga
701 3089 829 3161 Sabaei余

59 3170 133 3248 lpsa
146 3171 308 3233 videbatur
319 3174 420 3235 ventis
435 3175 541 3250 regina
554 3176 673 3235 vocatis

57 3256 138 3315 Vela
152 3256 236 3331 darc,
252 3263 282 3317 et
295 3257 385 3319 laxos
400 3258 459 3318 lam
475 3260 597 3335 iamque
610 3259 769 3319 immittere
783 3260 881 3319 lunes.

58 3338 146 3400 illam
159 3342 239 3401 inter
252 3342 366 3403 candes
379 3343 542 3419 pallentem
556 3350 654 3403 morte
668 3344 768 3403 lutura

56 3422 187 3485 Fecerat
199 3424 372 3501 ignipotens
387 3426 478 3488 undis
492 3434 522 3487 et
536 3428 653 3504 Iapyge
667 3427 754 3496 lerri3
968 3432 1020 3487 llo

58 3506 173 3569 contro
186 3516 288 3571 autem
300 3527 412 3587 magno
427 3520 613 3572 maerentem
626 3524 758 3586 corpore
771 3508 878 3583 Nilum,

56 3590 307 3671 Pandentemque
321 3596 407 3656 sinus
422 3602 453 3656 et
465 3603 529 3656 tota
543 3601 631 3655 veste
645 3600 805 3653 vocantem

58 3674 239 3738 Caeruleum
253 3678 284 3739 in
298 3680 445 3754 gremium
461 3679 677 3754 latebrosaque
689 3676 815 3737 ilumina
829 3677 938 3737 victos.

56 3758 100 3819 At
114 3760 236 3833 caesar,
250 3762 361 3839 triplici
375 3764 514 3825 lnvectus
528 3764 668 3823 Romana
679 3761 833 3836 triumpho

55 3841 190 3921 Moenia,
205 3844 254 3907 dis
269 3845 353 3908 italis
363 3855 467 3908 votum
481 3846 651 3909 immortale
665 3844 817 3919 sacrabat,
968 3850 1032 3903 'ltu

56 3927 193 3991 Maxima
206 3936 373 3993 tercentum
386 3938 481 3993 totam
496 3930 629 3995 delubra
640 3946 699 4011 per
709 3928 849 3994 urbem
