2326 3780
104 110 167 176 18⁶
376 110 410 171 Ρ.
429 110 593 173 vtautm
611 108 787 172 actuosis

102 265 257 343 lopositis
271 278 347 325 auro
360 263 502 340 dapibus,
514 271 700 340 paterasque
712 263 864 324 tenebant
1005 274 1056 331 oss

144 350 270 425 lamque
283 349 351 409 dies
364 348 503 424 alterque
517 348 584 408 dies
597 349 758 423 processit,
773 356 804 407 et
816 365 911 409 aurae

83 434 182 493 =Veta
194 442 315 507 vocant,
329 432 507 508 tumidoque
522 430 644 491 indatur
656 432 804 492 carbasus
817 442 938 493 austro:

101 517 159 577 Eis
174 526 275 578 vatem
288 517 451 592 aggredior
465 516 554 591 dictis
568 532 605 575 ac
618 517 691 576 tatia
704 532 837 591 quaeso:

102 602 302 677 „Troiugena⁷
316 603 466 676 interpres
479 601 595 676 ditum,
609 601 661 675 qui
675 601 799 659 numina
810 600 936 676 Phoebi,

101 685 178 762 „Qui
191 686 341 762 tripodas,
356 684 446 744 clarii
458 685 573 757 laurus,
588 685 640 759 qui
654 685 758 744 sidera
771 686 866 744 sentis
1006 695 1055 750 ooo

101 770 159 845 „Et
172 771 332 830 volucrum
345 769 466 842 linguas
479 776 511 827 et
522 769 677 843 praepetis
691 770 794 828 omina
806 785 936 844 pennae,

101 854 199 927 „Parc
212 867 416 929 age-namque
431 867 551 911 omnem
565 867 688 912 cursum
702 852 775 911 mihi
789 869 942 929 prospera
955 854 1034 913 dixit

100 938 251 1013 „Religio
265 943 297 996 et
309 936 409 995 cuncti
423 943 585 995 suaserunt
598 939 721 996 numine
734 936 798 996 divi

100 1023 238 1095 „ltaliam
251 1028 357 1096 petere
370 1027 400 1078 et
412 1027 510 1078 terras
523 1027 641 1079 tenure
652 1029 812 1096 repostas;

99 1105 198 1179 „Sola
209 1120 333 1177 novum,
346 1103 490 1178 dictuque
503 1104 600 1177 netas,
614 1104 752 1181 Harpyia
765 1105 897 1165 Celaeno
1004 1114 1057 1169 365

99 1188 297 1265 „Prodigium
311 1188 401 1261 canit,
414 1195 446 1247 et
457 1187 560 1247 tristes
574 1189 731 1248 denuntiat
743 1190 806 1248 iras
885 1226 888 1231 -

100 1271 356 1347 „obscenamque
369 1271 573 1347 iameruquae
587 1273 685 1347 prima
698 1274 835 1348 pericula
847 1273 919 1346 vito,

98 1354 978 1501 zitterttttsffttttttstertitur³“

101 1524 215 1583 Exorat
227 1456 337 1599 pge'm
351 1457 465 1598 divtimz
478 1524 632 1598 vittasque
645 1525 773 1584 resolvit
878 1488 888 1516 ’
1001 1534 1058 1590 070

100 1606 217 1668 Sacrati
231 1608 350 1683 capitis,
364 1624 475 1684 meque
489 1608 530 1667 ad
543 1616 596 1667 tria
608 1609 719 1682 limina,
733 1608 868 1682 Phoebe,

99 1692 171 1768 lpse
183 1709 275 1753 manu
288 1692 382 1752 multo
396 1708 582 1768 suspensum
596 1693 717 1752 numine
732 1693 829 1761 ducit;

98 1780 201 1853 Atque
214 1776 292 1836 haec
306 1778 418 1836 deinde
432 1777 513 1836 canit
525 1777 630 1836 divino
645 1792 684 1835 ex
699 1792 754 1835 ore
767 1775 932 1835 sacerdos:

98 1861 194 1937 „Nate
208 1860 353 1920 dea-uam
366 1869 397 1919 te
409 1859 575 1919 maioribus
590 1861 634 1918 ire
648 1876 704 1935 per
717 1861 809 1919 altum

98 1945 274 2021 „Auspiciis
289 1944 450 2003 manifesta
462 1943 557 2002 fides=
579 1944 625 2002 sic
639 1945 703 2002 tata
715 1945 807 2003 deum
820 1960 876 2003 rex
1000 1954 1055 2010 375

98 2028 259 2104 ‚,Sortitur,
273 2028 431 2101 volvitque
444 2027 546 2096 vices3
568 2027 596 2086 is
611 2029 736 2086 vertitur
750 2028 851 2100 ordo,

98 2112 220 2188 „Pauca
231 2112 285 2171 tibi
300 2128 319 2169 e
331 2110 442 2184 multis,
458 2125 520 2185 quc
534 2112 626 2170 tutior
639 2111 763 2186 hospita
776 2113 887 2171 lustres

98 2198 266 2273 „Aequom
280 2202 311 2254 et
322 2193 462 2254 Ausonio
477 2196 582 2269 possis
597 2196 759 2255 considere
773 2205 872 2271 portu,

98 2279 289 2356 „Expediam
302 2278 406 2338 dictis·
428 2278 591 2354 prohibent
604 2296 675 2338 natu
689 2287 791 2338 cetera
802 2279 916 2339 Parcae

97 2362 205 2439 ,Scire
218 2362 366 2422 Helenum
380 2362 499 2438 farique
512 2370 595 2423 vetat
608 2361 749 2422 Saturnia
762 2364 847 2422 luno
998 2372 1054 2427 380

98 2446 269 2522 „Principio
283 2447 408 2517 ltaliam,
424 2462 516 2521 quam
529 2447 584 2506 tu
576 2463 636 2505 rom
648 2462 717 2506 rere
730 2448 942 2522 propinquam,
1024 2488 1031 2495 -

97 2529 340 2605 „Vicin0sque,'
331 2544 446 2604 ignare,
460 2545 554 2625 paras
568 2531 714 2589 invadere
729 2538 846 2605 portus,

97 2613 225 2689 „Longa
236 2614 343 2688 procul
358 2614 458 2688 longis
471 2614 524 2673 via
537 2614 666 2673 dividit'
658 2615 742 2673 intio
753 2616 858 2674 terris.

98 2700 197 2771 „Ante
212 2704 242 2756 et
254 2696 409 2756 'Iiinocria
420 2698 584 2758 lentandus
597 2714 700 2758 remus
714 2699 746 2757 in
759 2699 851 2772 unda

98 2780 155 2856 „Et
168 2781 242 2841 satis
256 2780 386 2841 Ausonii
400 2780 591 2842 lustrandum
604 2782 734 2842 navibus
749 2798 874 2857 aequor,
998 2792 1052 2846 385

97 2864 293 2940 „latomique
307 2866 393 2927 lacus
405 2866 592 2941 Aeaeaeque
606 2866 707 2926 insula
721 2866 835 2941 Circae,

79 2948 214 3025 „Quom
228 2956 292 3009 tuta
305 2949 411 3024 possis
424 2949 531 3010 urbem
545 2965 731 3026 componere
744 2958 835 3010 terra.

96 3031 214 3109 „Signa
226 3032 279 3093 tibi
295 3034 410 3093 dicam:
430 3040 463 3094 tu
477 3034 715 3095 condite-mente
727 3042 839 3093 teneto.

96 3116 215 3192 „Quum
227 3117 281 3176 tibi
295 3118 427 3179 sollicito
442 3118 552 3179 secreti
566 3119 607 3179 ad
620 3117 754 3179 fluminis
768 3118 883 3178 undem

96 3200 245 3277 „Litoreis
259 3201 368 3277 ingens
381 3202 505 3263 invente
518 3202 575 3263 sub
588 3203 708 3262 ilicibus
723 3218 786 3277 sus,
998 3210 1053 3266 390

97 3284 251 3362 „Triginta
264 3288 397 3361 capitum
411 3287 490 3347 tetus
504 3286 604 3360 enixa,
618 3286 738 3360 iacebit,

97 3370 207 3446 „Alba
223 3371 291 3431 soto
305 3370 465 3445 recubans,
479 3369 541 3429 atbi
555 3371 670 3431 circum
683 3370 779 3430 ubera
791 3369 870 3440 nati,
