2326 3780
354 108 549 170 AENEIDOS
569 110 642 169 LlB.
663 112 699 171 X.
939 113 1002 179 291

104 281 121 324 n
136 263 196 322 dea
209 262 290 322 nube
307 276 384 320 cava
396 266 520 321 tenuem
535 263 601 322 sine
615 262 732 323 viribus
747 263 883 325 umbram
978 290 985 299 ·

106 347 205 408 aciem
217 347 342 406 Aeneae
356 377 369 386 -
385 343 455 426 visu
470 345 606 406 mirabile
619 355 787 407 monstrum
801 381 814 390 -

109 431 209 491 daniis
225 436 312 490 ornat
325 429 404 502 telis,
420 429 614 504 clipeumque
629 430 785 507 iubasque·

109 514 151 575 ini.
162 513 320 574 assimulat
334 510 452 588 capitis,
468 513 521 572 dat
534 513 637 574 inania
649 513 754 589 verba,

118 599 186 659 sine
201 604 300 656 mente
315 611 434 671 sonum,
448 613 639 673 gressusque
653 598 770 673 effingit
784 599 897 659 euntis=
952 608 1006 663 640

113 689 146 745 te
160 681 243 742 obita
258 681 365 755 quales
381 681 461 740 fama
475 689 523 741 est
537 683 664 742 volitare
679 683 802 757 figuras,

121 781 200 842 quae
215 766 336 840 sopitos
352 764 499 825 deludunt
513 767 633 826 somnia
648 782 769 829 sensus.

116 850 213 909 nimas
229 850 310 909 laeta
324 855 394 908 ante
408 849 491 909 acies
506 851 641 910 exsultat
653 851 764 933 imago,

118 940 203 1009 itque
220 933 318 992 virum
332 933 399 992 telis
414 939 446 993 et
458 949 536 993 voce
550 935 685 994 lacessit.

119 1024 142 1078 tt
156 1018 204 1076 cui
218 1017 346 1090 Turnus,
361 1016 599 1092 stridentemque
614 1019 734 1079 eminus
748 1016 868 1078 hastam
952 1026 1007 1081 646

122 1102 190 1170 icit3
212 1102 263 1160 iila
278 1102 350 1161 dato
365 1101 455 1161 vertit
468 1103 599 1176 vestigia
612 1109 708 1178 tergo.

134 1200 209 1245 vero
225 1188 353 1244 Aenean
367 1200 510 1244 aversum
524 1193 557 1246 ut
572 1186 682 1246 cedere
696 1188 815 1248 Turnus

125 1270 188 1341 idit‚
206 1276 298 1343 atque
313 1269 413 1327 animo
429 1284 515 1343 spem
530 1269 669 1329 turbidus
685 1270 786 1330 hausit
799 1270 934 1329 inanem.

124 1370 132 1412 a
148 1352 237 1426 iugis,
252 1354 382 1411 Aeneae
400 1350 563 1411 Thalamos
578 1367 617 1411 ne
632 1353 742 1413 desere
756 1353 880 1429 pactos!

126 1454 135 1495 t.
146 1435 265 1494 dabitur
280 1435 388 1494 dextra
401 1435 490 1494 telius
506 1435 645 1510 quaesita
658 1451 715 1511 per
728 1437 858 1496 undas.“
951 1445 1005 1499 650

127 1564 130 1576 .
143 1515 317 1577 vociferans
331 1517 477 1593 sequitur,
493 1518 692 1593 strictumque
707 1526 848 1579 coruscat

128 1617 231 1674 anem,
246 1617 303 1661 nec
318 1603 398 1661 serre
413 1601 496 1662 videt
510 1618 567 1662 sua
581 1603 695 1676 gaudia
707 1609 828 1663 ventos.

129 1685 222 1744 aratis
238 1685 312 1744 celsi
327 1685 488 1745 coniuncta
502 1685 658 1761 crepidine
673 1686 742 1746 saxi

131 1769 202 1829 »sitis
218 1768 318 1829 stabat
332 1769 424 1829 scalis
439 1775 469 1829 et
482 1776 576 1845 ponte
591 1777 708 1846 parate,

132 1869 181 1912 rex
195 1853 326 1914 Clusinis
341 1853 490 1914 advectus
505 1852 627 1914 Osinius
644 1853 722 1914 crisa
951 1861 1005 1918 655

133 1953 199 1997 sese
213 1938 333 2013 trepida
346 1936 472 1998 Aeneae
486 1938 629 2013 fugientis
645 1937 746 2012 imago

134 2021 173 2081 cit
186 2022 217 2080 in
231 2021 381 2091 latebras;
403 2038 460 2082 nec
473 2024 591 2104 hunus
606 2022 730 2098 segnior
744 2021 844 2095 instat,

136 2112 280 2181 peratque
293 2121 397 2166 moras
412 2113 442 2166 et
455 2113 565 2182 pontes
579 2107 709 2167 transilit
722 2107 811 2166 altos.

137 2205 245 2249 »ronam
259 2189 412 2265 attigerat:
433 2191 545 2267 rumpit
558 2190 700 2251 Satnmia
714 2191 826 2262 sunem,

138 2272 255 2346 tamque
269 2274 349 2349 rapit
362 2275 500 2334 revoluta
512 2291 569 2350 per
582 2290 719 2351 aequora
733 2290 852 2335 navem.
950 2281 1004 2337 660

140 2356 211 2416 ienis
226 2357 310 2417 haud
323 2359 401 2418 nitra
415 2358 546 2418 latebras
561 2359 621 2419 iam
636 2359 754 2432 quaerit
768 2359 879 2434 imago,

141 2439 251 2500 ubiima
266 2442 375 2502 volans
389 2441 463 2503 nubi
477 2458 513 2502 se
527 2442 689 2503 immiscuit
702 2449 795 2503 atrae.

144 2532 245 2584 autem
258 2526 381 2586 Aeneas
397 2525 553 2586 absentem
568 2527 598 2585 in
613 2527 731 2604 proelia
744 2526 860 2604 porcia

155 2609 250 2668 muita
264 2609 362 2669 virdm
377 2610 503 2671 demittit
518 2626 650 2687 corpora
662 2611 767 2672 mentiz
1012 2652 1015 2658 -

154 2692 285 2754 Turnum
300 2694 402 2753 medio
417 2694 533 2754 interea
546 2696 603 2754 sert
617 2711 752 2771 aequore
765 2692 865 2757 turbo.
947 2702 1000 2756 665

147 2776 179 2836 :it
192 2777 317 2853 ignarus
331 2794 433 2837 rerum
447 2778 644 2854 ingratusque
659 2780 774 2854 salutis,

148 2862 233 2922 dices
248 2877 317 2921 cum
330 2877 409 2922 voce
423 2879 530 2926 manus
546 2864 587 2923 ad
601 2863 704 2923 sidera
717 2861 828 2923 tenete
884 2920 886 2925 ,

150 2951 260 3020 potens
275 2947 402 3021 genitor,
416 2948 532 3007 tnntnn’
546 2963 595 3007 me
611 2947 735 3007 crimine
749 2945 874 3019 dignum

151 3028 189 3102 sti,
204 3037 234 3089 et
247 3031 325 3090 tales
339 3031 464 3090 voluisti
479 3031 655 3106 expendere
669 3034 808 3105 poenas?

152 3118 238 3170 erort
247 3113 329 3173 unde
336 3113 415 3174 abiit
428 3129 507 3189 quae
514 3130 563 3174 me
571 3115 651 3188 tuga,
661 3126 791 3188 quemve
798 3109 936 3171 reducitt
946 3118 998 3175 670

153 3202 265 3255 ntesne
280 3195 386 3257 iterum
399 3212 504 3258 muros
520 3205 572 3258 aut
585 3204 685 3257 castra
700 3195 835 3256 videbat

156 3293 264 3339 manus
279 3280 331 3340 ilia
344 3280 452 3355 virum,
468 3281 520 3357 qui
532 3297 582 3341 me
596 3288 726 3355 meaque
740 3294 825 3339 arma
839 3279 944 3352 secuti,

156 3377 205 3440 pre
218 3392 231 3404 -
246 3363 333 3425 nefas
347 3396 360 3407 -
375 3380 482 3426 amnes
497 3365 622 3426 infanda
635 3365 666 3424 in
680 3370 780 3425 morte
790 3362 917 3438 retinui,

745 3447 806 3514 tii*
