2326 3780
165 200 230 267 ΠΒ
440 201 473 261 Ρ.
494 201 656 271 VIRGILII
675 202 851 265 MARONIS

166 356 239 416 Tela
252 361 370 430 tenens,
384 355 507 415 fratrem
520 355 667 433 Eurytion
680 357 712 416 in
727 364 800 417 vota
815 358 953 435 vocavit,

166 442 230 500 lam
243 455 344 501 vacuo
358 440 469 499 laetam
482 441 570 500 coelo
586 443 778 516 speculatus3
801 447 831 500 et
844 441 904 501 alis

166 526 365 586 plaudentem
378 524 466 599 nigra
479 523 544 598 figit
558 524 614 584 sub
630 525 710 587 nube
726 524 909 585 columbam.

166 609 286 670 Decidit
300 608 459 683 exanimis,
472 608 628 683 vitamque
642 609 763 684 reliquit
777 609 808 668 in
823 609 917 681 astris

166 694 328 767 Aetheria,
343 692 498 768 fixamque
511 692 604 752 refert
618 693 747 768 delapsa
760 693 910 768 sagittam.

166 780 293 840 Amisso
307 778 393 838 solus
407 778 509 852 palma
523 777 689 852 superabat
701 780 842 852 Acestes

168 864 223 938 Qui
237 871 338 923 tamen
353 861 451 920 aerias
466 861 558 920 telum
573 861 729 921 contendit
742 861 773 921 in
787 876 889 932 auras,

168 948 329 1009 Ostentans
345 951 501 1019 nitentque
514 951 601 1019 pater
615 961 780 1021 arcumque
795 950 973 1005 sonantem.

166 1032 223 1091 Hic
238 1030 335 1091 oculis
350 1027 483 1088 subitum
495 1027 636 1089 obiicitur
649 1045 823 1104 magnoque
837 1029 977 1088 futurum

166 1115 303 1190 Augurio
318 1112 605 1172 monstrum-docuit
618 1120 690 1189 post
704 1113 803 1173 exitus
818 1113 939 1187 ingens,

168 1198 305 1274 Senaque
318 1195 441 1256 terrifici
456 1196 630 1257 cecinerunt
644 1197 745 1256 omina
759 1204 874 1256 vates:
906 1236 910 1241 -

166 1282 303 1356 Namque
317 1280 427 1339 volans
442 1279 565 1354 liquidis
581 1281 611 1340 in
626 1281 758 1342 nubibus
772 1281 846 1340 arsit
859 1282 998 1358 arundo,
1086 1289 1125 1343 tlt

168 1364 367 1441 signavitque
380 1364 461 1423 viam
475 1363 615 1440 flammis,
630 1372 800 1439 tenuesque
814 1366 949 1424 recessit

168 1449 334 1509 consumta
347 1448 378 1507 in
392 1455 511 1521 ventos
527 1450 614 1508 coelo
630 1465 687 1509 ceu
701 1465 795 1523 saepe
808 1448 907 1507 refixa

167 1533 387 1593 Transcurrunt
402 1533 576 1608 crinemque
590 1533 725 1592 volantia
739 1533 842 1592 sidera
856 1531 989 1594 ducunt.

166 1616 310 1678 Attonitis
324 1616 454 1676 haesere
469 1618 585 1691 animis,
601 1616 800 1692 Superosque
813 1618 931 1692 precati

166 1701 311 1781 Trinacrii
324 1700 492 1776 Teucrique
506 1702 579 1772 viri;
603 1717 659 1760 nec
673 1701 824 1760 maximus
840 1716 932 1759 omen

168 1786 282 1845 Abnuit
295 1787 427 1858 Aeneas,
444 1785 500 1844 sed
514 1786 625 1845 laetum
640 1786 799 1860 amplexus
814 1785 954 1845 Acesten

166 1866 342 1930 Muneribus
358 1870 490 1929 cumulat
503 1869 631 1943 magnis,
647 1869 769 1928 actalia
784 1869 876 1927 latur:

167 1954 280 2031 „Sume
293 1961 394 2030 pater:
418 1968 487 2012 nam
502 1961 531 2012 te
545 1954 641 2013 voluit
655 1969 710 2012 rex
725 1967 852 2027 magnus
868 1951 1000 2031 Olympi
1142 1996 1148 2035 ¹

167 2037 308 2112 „Talibus
324 2037 469 2112 auspiciis
485 2044 639 2096 exsortem
654 2037 767 2096 ducere
781 2037 941 2095 honorem.
1144 2042 1147 2047 '

167 2122 288 2197 „Ipsius
305 2121 458 2181 Anchisae
472 2121 614 2195 longaevi
628 2121 688 2181 ltoc
702 2137 811 2180 munus
826 2119 970 2197 habebis,
1085 2132 1124 2187 535
1143 2124 1153 2199 ζ,

166 2206 308 2282 „Cratera
322 2206 505 2279 impressum
519 2205 624 2280 signis,
641 2221 731 2280 quem
745 2203 892 2263 Thracius
907 2206 987 2266 olim
1143 2212 1146 2219 '

167 2290 340 2365 „Anchisae
354 2289 483 2364 genitori
498 2289 528 2348 in
543 2304 653 2364 magno
669 2304 793 2348 munere
808 2287 934 2349 Cisseus

165 2373 277 2447 „Ferre
292 2372 338 2433 sui
354 2373 479 2433 dederat
493 2377 722 2434 monumentum
737 2380 766 2432 et
780 2373 890 2448 pignus
907 2377 1044 2439 umoris
1048 2382 1065 2409 “

167 2456 247 2517 Sici
245 2464 313 2516 atus
328 2456 420 2531 cingit
435 2457 575 2517 viridanti
590 2464 728 2531 tempora
743 2458 837 2528 lauro,

164 2540 203 2599 Et
217 2540 346 2615 primum
361 2548 430 2601 ante
445 2556 552 2601 omnes
568 2541 713 2601 victorem
729 2541 863 2616 appellat
876 2540 1034 2607 Acesten.
1083 2554 1123 2608 tlt

165 2624 228 2682 Nec
242 2622 342 2685 bonus
357 2624 505 2700 Eurytion
520 2627 656 2700 praelato
671 2625 778 2685 invidit
793 2624 911 2697 honori,

167 2707 311 2781 Quamvis
327 2708 412 2767 solus
427 2723 516 2768 avem
532 2710 618 2768 coelo
635 2709 745 2769 deiecit
759 2708 797 2768 ab
813 2709 883 2769 alto
1047 2774 1053 2781 ,

130 2800 132 2805 “
164 2790 326 2851 Proximus
342 2790 508 2865 ingreditur
523 2792 621 2865 donis,
639 2795 689 2868 qui
705 2793 827 2853 vincula
840 2793 939 2867 rupit3

164 2874 335 2947 Extremus,
351 2875 468 2935 volucri
484 2875 534 2950 qui
549 2876 616 2936 lixit
630 2877 778 2937 arundine
791 2877 914 2936 malum.

207 2960 248 3020 At
262 2967 349 3034 pater
362 2960 495 3035 Aeneas,
510 2960 646 3021 nondum
660 2962 823 3021 certamine
837 2960 946 3039 misso,
1084 2976 1125 3031 545
1143 3002 1148 3035 -,

167 3044 331 3104 Custodem
345 3043 386 3102 ad
400 3059 472 3104 sese
487 3045 688 3119 comitemque
702 3045 833 3121 impubis
847 3044 913 3117 Iuli,
1146 3060 1149 3071 ·

164 3127 329 3204 Epytiden,
344 3134 437 3187 vocat
450 3135 481 3189 et
493 3128 587 3188 fidam
601 3129 647 3189 sic
661 3129 740 3189 latur
754 3129 793 3189 nd
809 3143 928 3189 aurem·
1147 3176 1150 3181 .

166 3211 282 3287 ,‚,Vude
298 3226 363 3286 age,
380 3218 410 3271 et
423 3212 567 3287 Ascanio,
584 3213 610 3273 sl
625 3213 684 3272 iam
699 3213 815 3289 puerile
829 3219 917 3289 parat
918 3230 974 3276 um
1147 3194 1153 3269 l

166 3256 303 3369 :JAgmen
317 3294 409 3356 habet
423 3312 529 3359 secum
544 3312 714 3371 cursusque
729 3297 870 3359 instruxit
884 3311 1058 3393 equorum,

163 3378 283 3454 „Ducat
296 3394 355 3439 avo
370 3386 485 3441 turmas
499 3387 530 3440 et
544 3396 615 3441 sese
629 3381 792 3442 ostendat
784 3398 815 3442 m
830 3382 932 3456 armis,
1084 3398 1128 3453 ιω

57 3484 89 3574 ι
154 3464 246 3546 „Dic,
229 3470 268 3502 ·“
282 3464 336 3529 ait.
371 3466 448 3546 lpse
462 3481 589 3531 omnem
597 3466 696 3539 longo
710 3465 894 3523 decedere
875 3478 958 3521 circo
