2326 3780
250 238 315 301 220
524 233 557 293 P.
577 234 740 295 VIRGILII
760 232 946 297 MARONIS

248 388 426 450 Luctificam
439 386 559 448 Allecto
575 387 708 449 dirarum
723 387 761 446 ab
777 386 854 446 sede
868 386 1014 449 dearum

249 474 440 547 Inl'ernisque
454 473 514 531 ciet
528 471 670 547 tenebris,
687 472 736 532 cui
750 471 848 531 tristia
859 470 948 531 bella

249 560 378 632 iraeque
393 556 586 631 insidiaeque
600 563 631 616 et
645 556 770 616 erimina
783 555 877 614 noxia
893 557 1004 616 cordi.
1114 603 1117 611 .

250 642 319 702 Odit
333 648 363 701 et
377 642 446 717 ipse
460 647 548 717 pater
560 640 676 715 Pluton,
693 641 788 700 odere
802 654 933 699 sorores

248 728 409 787 Tartareae
422 732 609 785 monstrum=
631 730 676 785 tot
690 739 762 784 sese
776 724 866 783 vertit
880 723 912 782 in
928 740 1002 801 ora,

248 812 322 871 Tam
336 825 449 871 saevae
464 810 568 881 iacies,
584 814 630 868 tot
642 809 769 885 pullulat
783 816 848 866 atra
862 808 1022 870 colubris.

250 897 346 971 Quam
359 896 434 956 luno
450 894 499 953 his
515 893 596 952 acuit
610 894 723 967 verbis,
738 908 775 952 ac
790 892 863 951 talia
875 893 976 960 latur:

248 982 356 1057 „Hunc
369 978 442 1037 mihi
457 978 498 1037 da
511 978 678 1052 proprium,
693 979 781 1052 virgo
797 984 864 1037 sata
878 976 989 1051 Nocte,
1012 979 1160 1041 laborem

249 1066 354 1140 „Hanc
368 1078 503 1138 operam,
519 1076 558 1119 ne
572 1069 677 1121 noster
690 1062 791 1121 honos
806 1062 980 1120 infractave
994 1066 1102 1125 cedat

156 1145 160 1155 '
248 1149 362 1224 „Fama
376 1148 454 1221 loco,
469 1160 530 1204 neu
545 1145 706 1206 connubiis
722 1146 837 1205 ambire
851 1145 997 1205 Latinum

250 1230 436 1307 „Aeneadae
450 1230 571 1305 possint
584 1230 718 1290 Italosve
734 1230 878 1290 obsidere
892 1229 987 1289 fines.

250 1316 312 1391 „Tu
327 1321 417 1390 potes
431 1314 593 1374 unanimos
608 1330 727 1374 armare
742 1316 772 1374 in
787 1314 905 1390 proelia
919 1314 1053 1391 iratres,

250 1402 372 1475 „Atque
386 1398 466 1459 odiis
480 1414 607 1459 versare
622 1400 742 1473 domos,
757 1407 791 1459 tu
806 1398 936 1457 verbera
949 1400 1050 1460 tectis

250 1483 486 1559 „Funereasque
501 1483 611 1544 inferre
627 1485 727 1554 laces;
750 1483 803 1543 tibi
819 1483 942 1542 nomina
956 1484 1061 1560 mille,

251 1567 352 1642 „Mille
367 1568 498 1628 nocendi
512 1575 609 1629 artes=
631 1569 794 1629 fecundum
809 1573 938 1627 concute
952 1574 1087 1647 pectus,

251 1652 384 1728 „Dislice
399 1654 601 1729 compositam
616 1669 732 1730 pacem,
750 1667 820 1712 sere
835 1651 963 1710 crimina
977 1652 1078 1727 belli;

251 1738 365 1813 „Arma
378 1738 451 1797 velit
465 1746 636 1814 poscatque
650 1737 738 1798 simul
754 1737 913 1811 rapiatque
928 1736 1087 1802 iuventus
1096 1746 1129 1803 !“

292 1822 370 1881 Exin
386 1822 555 1896 Gorgoneis
572 1823 689 1882 Allecto
705 1822 817 1880 inlecta
830 1821 960 1881 venenis

252 1906 402 1982 Principio
418 1907 535 1966 Latium
550 1914 579 1966 et
596 1907 752 1966 Laurentis
767 1912 847 1964 tecta
860 1906 983 1981 tyranni

253 1991 342 2050 Celsa
355 1992 438 2067 petit,
454 1992 637 2066 tacitumque
653 1990 776 2050 obsedit
789 1990 878 2048 limen
893 1991 1040 2066 Amatae,

252 2076 347 2150 Quam
362 2092 456 2151 super
470 2076 603 2135 adventu
617 2075 765 2133 Teucrum
779 2074 934 2147 Turnique
949 2073 1149 2150 hymenaeis

251 2159 414 2219 Femineae
428 2161 585 2219 ardentem
599 2174 752 2233 curaeque
768 2159 892 2232 iraeque
906 2160 1106 2232 coquebant.

253 2245 329 2304 Huic
344 2245 404 2304 dea
419 2244 567 2304 caeruleis
582 2260 674 2303 unum
690 2244 729 2302 de
745 2242 878 2302 crinibus
894 2258 1032 2315 anguem

253 2328 388 2399 Coniicit,
404 2329 496 2402 inque
511 2329 611 2388 sinum
626 2328 807 2405 praecordia
821 2326 861 2385 ad
877 2326 982 2386 intima
996 2330 1124 2407 subdit,

253 2412 318 2485 Quo
333 2412 495 2472 furibunda
510 2413 634 2472 domum
648 2418 784 2472 monstro
800 2410 984 2486 permisceat
1000 2428 1148 2478 omnem.

252 2496 314 2567 llle,
331 2495 410 2554 inter
422 2502 527 2557 vestes
542 2503 572 2557 et
586 2497 666 2556 levia
680 2503 806 2572 pectora
820 2496 936 2569 lapsus,
1032 2525 1035 2531 ·

251 2578 395 2638 Volvitur
409 2586 519 2639 attactu
536 2581 616 2640 nullo
632 2580 768 2654 lallilque
783 2580 940 2649 furentem,

252 2664 416 2738 vipeream
431 2663 584 2737 inspirans
600 2664 745 2722 animam:
767 2664 800 2723 srt
815 2664 914 2723 tortile
926 2662 1008 2722 collo

252 2750 369 2807 Aurum
383 2746 491 2821 ingens
507 2748 640 2821 coluber,
656 2748 690 2807 fit
705 2749 814 2822 longae
829 2748 930 2808 taenia
943 2747 1054 2825 vittae,

252 2831 440 2906 innectitque
455 2846 568 2906 eomas,
585 2840 615 2892 et
628 2833 771 2892 membris
788 2832 920 2892 lubricus
936 2840 1029 2893 errat.

252 2917 299 2976 Ac
314 2916 386 2975 dum
401 2916 499 2992 prima
512 2918 579 2977 lues
593 2918 656 2978 udo
673 2917 819 2993 sublapsa
832 2931 952 2976 veneno

251 3000 405 3063 Pertentat
418 3018 539 3075 sensus,
556 3007 647 3077 atque
663 3002 785 3062 ossibus
801 3002 935 3077 implicat
949 2999 1066 3077 ignem,

252 3086 388 3145 Necdum
402 3086 520 3146 animus
536 3093 599 3147 toto
615 3087 752 3163 percepit
765 3092 890 3162 pectore
904 3084 1083 3161 flammeum

252 3170 375 3231 Mollius
390 3177 421 3231 et
434 3172 525 3231 solito
540 3180 666 3231 matrum
683 3172 821 3230 demone
836 3171 961 3244 loquuta
975 3178 1034 3236 est,

252 3253 346 3313 lllultc
359 3270 454 3331 super
468 3263 557 3316 natae
570 3256 732 3315 lacrimans
746 3254 950 3331 Phrygiisque
965 3252 1157 3331 hymenaci

241 3336 477 3409 ⁴„Exsnlibusne
491 3340 580 3400 datur
593 3339 735 3399 ducenda
747 3338 874 3398 Lavinia
887 3338 1022 3413 Teucris,

251 3416 296 3496 „0
311 3422 438 3495 genitor,
454 3439 511 3483 nec
525 3432 556 3484 te
570 3426 695 3485 miseret
707 3428 880 3505 gnataeque
890 3420 1007 3491 tuique,

293 3520 331 3569 ec
345 3508 453 3573 matris
469 3509 610 3587 miseret,
625 3503 837 3584 quamprimo
849 3500 998 3568 aquinae
1007 3503 1138 3575 lelius,
1152 3535 1163 3556 ·-
