2340 4296
962 149 963 152 ,
973 141 980 152 ἐ

258 640 482 749 saonereon
501 688 576 748 nna.
597 688 635 753 ιι,
769 734 777 745 ,
880 692 922 757 41

75 848 156 903 iture
167 838 282 901 modos
295 839 428 917 primum
442 840 537 915 dedit,
552 837 601 899 his
614 854 714 913 genus
729 858 820 905 enine
889 856 925 909 to

75 940 118 987 uu
131 924 336 1001 linteumque
349 924 427 985 viret
442 938 662 999 nemorumque
675 940 843 989 sacrorum.

75 1016 87 1069 t
99 1008 161 1083 alii,
176 1024 257 1085 quos
271 1008 340 1084 ipse
354 1008 406 1069 viu
420 1007 480 1069 sibi
493 1006 608 1085 reperit
620 1024 706 1069 usus.

75 1100 156 1155 rums
170 1099 277 1153 tenero
293 1092 482 1153 abscindens
496 1092 537 1153 do
551 1108 683 1169 corpore
696 1102 824 1156 mubum

75 1178 115 1243 ult
127 1178 241 1249 soloiss
262 1176 313 1238 hio
327 1176 441 1253 stirpes
456 1176 558 1238 obruit
571 1193 647 1237 urvo

75 1260 224 1338 malasque
237 1261 334 1323 sudes
349 1268 380 1323 et
393 1269 483 1323 acuto
498 1262 611 1323 robore
624 1262 740 1329 colloss
887 1275 921 1329 25

75 1362 180 1421 imque
193 1346 273 1407 abac
286 1360 416 1422 pressos
430 1346 610 1422 propaginis
625 1362 716 1407 arcus

75 1436 153 1497 rtem
166 1435 198 1491 et
211 1429 284 1489 riva
297 1446 356 1491 suo
369 1431 520 1507 plantaria
534 1437 629 1499 terra;

75 1514 139 1577 tiela
152 1522 245 1591 agent
258 1513 347 1589 aliae,
365 1530 580 1591 summumque
593 1523 717 1591 putator

75 1598 186 1661 lubitat
198 1606 300 1661 terrae
312 1599 451 1661 referens
465 1600 612 1661 mandare
626 1615 782 1661 cacumen.

75 1682 283 1745 tcaudicibus
298 1684 556 1745 sectis-mirabile
572 1684 689 1745 dielul-
885 1692 920 1746 30

75 1784 105 1829 u
117 1782 137 1829 e
150 1768 236 1829 sicco
250 1766 342 1828 radix
355 1769 498 1843 oleagina
511 1770 608 1844 ligno;

75 1866 110 1929 pe
123 1852 249 1913 ulterim
262 1868 366 1913 ramos
380 1853 505 1929 impune
519 1854 661 1914 videmus

75 1952 91 1999 e
104 1934 137 1997 ln
151 1936 287 2011 alterius,
300 1944 508 2011 mutatamque
523 1938 614 1997 insita
627 1940 709 1997 matu

75 2020 177 2099 pirum,
192 2027 223 2081 et
238 2022 345 2097 prunis
360 2021 504 2096 lapidosa
517 2021 683 2081 rubescere
699 2036 802 2083 corna

75 2120 105 2167 re
118 2106 209 2183 agite,
225 2120 254 2178 o,
270 2106 413 2181 proprius
426 2106 593 2180 generatim
609 2106 718 2165 discite
732 2109 840 2183 cultus,
883 2116 917 2169 δὲ

76 2188 135 2265 lae,
149 2192 331 2263 fructusque
346 2190 428 2249 loros
443 2189 558 2248 mollite
572 2189 712 2260 colendo,

75 2288 154 2351 goes
168 2274 289 2335 iaceant
303 2281 414 2333 terroe.
442 2273 529 2333 luvot
542 2273 660 2332 ismara
669 2273 792 2333 Baccho

75 2372 142 2435 ere,
156 2366 255 2434 utque
270 2360 340 2418 olea
352 2373 496 2433 magnum
512 2357 624 2417 vestire
638 2357 820 2417 Taburnum.

83 2442 169 2515 ades,
184 2443 405 2519 inceptumque
418 2459 481 2503 una
494 2442 623 2503 decurre
637 2442 781 2517 laborem,

75 2542 109 2601 ts,
124 2543 142 2588 o
158 2528 258 2590 ianuae
273 2528 380 2587 merito
396 2544 468 2605 pars
483 2528 616 2587 maxima
630 2535 763 2601 nostrae,
880 2528 917 2589 40

75 2626 135 2687 aas,
149 2612 324 2688 pelagoque
337 2612 504 2673 volansda
517 2614 587 2672 vela
601 2614 731 2690 patenti!

75 2708 103 2767 ‚u
117 2703 229 2757 cunels
241 2695 320 2757 meis
334 2698 475 2773 amplecti
489 2698 631 2759 versibus
648 2706 731 2775 opto,

75 2778 126 2839 tihi
141 2780 168 2840 si
183 2783 307 2857 linguae
322 2788 442 2842 eentum
457 2783 526 2857 sint,
543 2798 660 2857 amque
674 2792 803 2859 eentum,

85 2880 166 2937 vox;
188 2865 274 2940 ades,
290 2874 321 2926 et
333 2865 421 2941 primi
437 2868 505 2941 lege
519 2868 616 2927 litoris
632 2884 730 2936 oram;

75 2950 151 3011 ibus
165 2958 281 3019 terram
305 2966 367 3010 non
381 2950 431 3009 bio
445 2958 475 3009 te
490 2952 624 3009 carmine
638 2952 711 3011 licto
881 2958 915 3009 ⁴5

77 3050 135 3112 per
148 3036 294 3109 ambages
309 3040 340 3095 el
352 3037 447 3109 longa
461 3050 574 3094 exorsu
588 3034 709 3093 tenebo.

75 3127 123 3180 nte
138 3135 195 3179 suu
211 3134 290 3193 quae
305 3134 340 3179 sc
354 3120 464 3180 tollunt
476 3119 505 3177 in
522 3118 643 3177 luminis
658 3134 738 3189 oras,

75 3204 130 3264 ndu
145 3204 279 3279 quidem,
294 3203 351 3263 sed
367 3206 446 3263 lucta
460 3209 491 3263 ct
504 3202 594 3261 lertio
608 3211 750 3275 surgunt:

75 3288 165 3350 tsolo
180 3295 289 3348 natura
302 3288 419 3347 subest.
446 3288 560 3346 Tamen
573 3286 651 3345 haec
666 3302 791 3361 quoquo
805 3285 831 3345 si
846 3286 916 3360 quis

75 3379 145 3433 ‚aut
159 3370 321 3434 scrobibus
336 3372 461 3431 mandet
474 3376 589 3431 malma
603 3370 748 3443 subsella,
882 3376 918 3430 50

75 3462 109 3517 ut
122 3458 295 3517 silvestrem
309 3457 452 3529 animum,
468 3458 615 3530 cultuque
629 3456 780 3530 frequenti

75 3556 224 3617 stumque
238 3555 334 3601 voees
349 3548 431 3600 artes
445 3540 529 3600 haud
543 3540 631 3601 tarda
645 3547 823 3617 sequentur.

75 3642 99 3687 »n
114 3632 145 3686 et
159 3624 281 3699 sterilis,
297 3640 378 3701 quaa
392 3624 540 3699 stirpibus
556 3624 619 3683 exit
633 3624 672 3684 ab
688 3624 765 3697 imis,

75 3709 150 3785 ciet,
157 3725 276 3770 vacuos
291 3709 318 3769 si
332 3709 373 3769 sit
386 3710 508 3785 digesta
523 3724 578 3784 per
593 3722 702 3783 agrosa
775 3710 779 3717 ’

75 3794 142 3853 tltae
156 3794 283 3855 frondes
298 3800 329 3853 et
342 3794 418 3854 rami
433 3793 538 3853 matris
553 3798 694 3867 opacant
883 3798 918 3853 55

75 3878 180 3953 nuque
194 3878 334 3939 adimunt
346 3879 427 3939 letus
440 3884 595 3952 uruntque
610 3878 766 3937 terentem.

75 3976 130 4023 use
144 3962 315 4023 senrinibus
329 3966 417 4027 iactis
431 3982 466 4027 se
481 3963 605 4027 sustulit
617 3960 720 4037 arbos,
