2326 3780
355 160 576 222 euouelcelt
594 160 669 221 LlB.
682 160 733 221 lll.
978 159 1021 223 65

67 317 107 377 Et
120 312 273 389 pecudum
286 311 378 373 fulvis
391 312 510 372 velatur
522 328 654 388 corpora
667 312 752 372 setis.

113 397 147 458 Si
161 396 214 456 tibi
228 396 364 456 lanitium
377 410 483 455 curaer
505 397 636 472 primum
650 412 762 472 aspem
777 398 856 458 silva
943 426 946 431 ·

68 485 258 557 Lappaeque
269 479 430 554 tribulique
444 480 553 551 absint
570 481 641 555 luge
655 481 768 555 pabula
782 482 870 554 laeta,
966 490 1020 544 385

69 566 282 639 Continuoque
295 578 405 639 greges
420 564 499 623 villis
513 565 580 639 lege
595 564 736 635 mollibus
751 564 849 625 albos.

70 651 159 710 llluru
173 655 281 719 autem
296 647 437 723 quamvis
451 648 531 708 aries
547 648 587 708 sit
600 648 750 709 candidus
765 650 842 725 ipse,
871 696 874 701 .

71 734 164 808 Nigra
177 731 283 791 subest
294 732 357 791 udo
371 738 485 791 tantum
500 733 548 792 cui
563 733 665 807 lingua
678 734 791 809 palato,

72 816 184 887 Reice,
199 831 239 877 ne
251 814 378 875 maculis
392 814 522 875 infuscet
536 817 650 877 vellera
663 817 755 892 pullis
852 866 856 871 .

71 900 262 971 Nascentum,
277 900 432 975 plenoque
445 900 535 959 ulium
551 901 751 975 circumspice
765 917 884 976 cumpo.
968 906 1022 962 000

69 986 194 1045 Munere
208 983 254 1045 sie
266 982 358 1043 niveo
372 983 470 1056 lunae,
486 984 512 1043 sl
527 984 652 1044 credere
667 985 791 1060 dignum
805 994 861 1058 est,

67 1070 131 1129 Pan
145 1069 222 1129 deus
235 1067 389 1127 Arcadiae
403 1074 523 1143 capum
536 1076 575 1135 te,
589 1069 684 1140 Luna,
699 1070 814 1142 fefellit,

69 1154 103 1212 ln
117 1166 244 1213 nemora
256 1152 464 1221 altuvocans;
486 1168 543 1211 nec
571 1160 603 1213 tu
626 1146 789 1228 aspernato
802 1159 972 1213 vocantem.

110 1238 152 1295 At
165 1235 214 1297 cui
227 1234 315 1295 lactis
329 1250 424 1306 umor,
440 1236 571 1312 cytisum
587 1238 728 1311 lotosque
743 1239 917 1312 trequentes

70 1322 143 1394 lpse
155 1319 423 1393 manu-salsaeque
437 1320 513 1379 lerut
527 1320 728 1396 praesepibus
744 1320 865 1381 herbas.
968 1328 1019 1383 395

71 1400 150 1460 Hinc
163 1408 195 1461 et
208 1408 310 1461 urunt
323 1401 434 1463 lluvios
449 1403 556 1478 magis,
572 1410 603 1462 et
615 1403 714 1477 magis
727 1403 823 1463 ubera
835 1405 971 1477 tendunt,

71 1486 110 1545 Et
124 1484 198 1544 salis
213 1486 361 1545 oecultum
373 1487 506 1547 referunt
520 1488 550 1545 in
565 1487 642 1546 lacte
656 1503 809 1561 saporam.

70 1567 159 1629 Multi
173 1567 233 1627 iam
247 1574 384 1631 excretos
398 1570 560 1647 prohibent
573 1586 592 1629 a
605 1571 752 1631 matribus
767 1570 894 1640 haedos,

71 1652 233 1727 Primaque
246 1650 362 1713 ferratis
375 1654 546 1730 praefigunt
560 1669 615 1713 ora
629 1654 780 1729 capistris.
865 1688 868 1692 -

72 1734 163 1809 Quod
178 1743 319 1811 surgente
332 1737 383 1798 die
396 1738 528 1798 mulsere
542 1738 692 1813 horisque
703 1738 830 1809 diurnis,
970 1746 1021 1797 leo

73 1819 167 1879 Nocte
180 1827 332 1895 premente
355 1822 439 1896 quod
453 1822 513 1880 ium
527 1822 661 1881 tenebris
675 1829 706 1881 et
719 1822 786 1881 sole
800 1820 937 1893 cadente,

70 1902 136 1965 Sub
149 1904 247 1964 lucem
257 1912 423 1982 exportant
435 1906 641 1967 culntbisodit
654 1906 771 1982 oppida
784 1912 912 1981 pastor,

70 1990 133 2049 Aut
146 2004 239 2064 parco
254 1990 320 2049 sale
334 1990 510 2066 contingunt
525 1990 678 2066 hiemique
691 1997 852 2067 reponunt.

111 2072 174 2132 Nec
187 2072 240 2131 tibi
256 2088 329 2133 cura
342 2090 452 2134 canum
466 2076 555 2135 tuerit
569 2083 732 2150 postrema
749 2074 805 2135 sed
821 2074 881 2133 dna

70 2157 203 2216 Veloces
219 2155 347 2232 Spartae
361 2159 479 2218 catulos
493 2174 655 2233 acremque
669 2159 840 2219 Molossum
969 2166 1020 2220 toa

68 2239 166 2300 Pasce
181 2254 252 2299 sero
268 2240 381 2316 pingui.
416 2242 586 2318 Numquam
601 2243 781 2302 custodibus
798 2243 857 2301 illis

68 2324 254 2383 Nocturnum
269 2324 396 2385 stabulis
409 2326 506 2386 furem
520 2324 728 2402 incursusque
736 2327 885 2402 luporum,

70 2410 131 2467 Aut
145 2407 314 2481 impacatos
328 2414 445 2483 arengo
460 2410 599 2471 horrebis
616 2411 729 2470 lberos.
806 2458 809 2462 .

70 2486 172 2566 Saepe
188 2488 278 2549 etium
293 2504 385 2552 cursu
397 2492 519 2553 timidos
534 2495 662 2570 agitabis
678 2509 821 2568 onagros,

68 2574 106 2632 m
121 2571 247 2632 canibus
262 2573 407 2649 leporem,
424 2576 548 2637 canibus
564 2578 715 2638 venabere
730 2578 853 2647 damam
969 2586 1022 2640 410

71 2657 172 2733 Saepo
187 2657 353 2719 volutabris
367 2660 474 2735 pulsos
490 2662 680 2722 silvestribus
694 2676 788 2737 apros

73 2740 191 2799 Latratu
204 2741 340 2804 turbabis
355 2760 459 2819 agens,
476 2752 656 2820 montesque
670 2762 726 2820 per
740 2746 820 2805 altos

71 2824 225 2897 Ingentem
238 2826 372 2889 clamore
386 2845 507 2905 premes
521 2831 561 2888 ud
575 2831 651 2890 retia
664 2844 797 2888 cervum.

112 2906 205 2969 Disce
217 2916 248 2971 et
260 2911 420 2973 odoratam
434 2913 563 2973 stabulis
577 2912 747 2974 accendere
761 2912 893 2983 cedrum,

69 2991 289 3071 Galbaneoque
301 2996 417 3071 agitare
429 3012 542 3071 graves
556 2996 663 3056 nidore
676 2995 853 3072 chelydros.
969 3003 1019 3055 lle

67 3076 169 3152 Saepe
184 3078 241 3138 sub
257 3078 388 3145 immotis
403 3079 605 3156 praesepibus
619 3087 671 3139 aut
684 3080 764 3139 melu
778 3086 859 3138 tuctu

66 3161 183 3237 Vipera
198 3162 315 3225 delituit
328 3165 509 3239 coelumque
524 3165 666 3225 exterrita
679 3165 764 3236 lusit,

66 3246 131 3304 Aut
143 3252 222 3305 tecto
238 3247 384 3309 adsuetus
399 3247 524 3308 coluber
538 3246 704 3307 succedere
719 3253 750 3306 et
761 3244 895 3317 umbrae,

67 3326 167 3385 Pestis
181 3329 292 3389 acerba
304 3329 407 3401 boum,
421 3330 589 3407 pecorique
602 3330 790 3405 adspergere
802 3330 898 3401 virus,

68 3409 302 3473 Fovitlrumiun.
322 3415 599 3489 capesaxamunu,
610 3414 821 3489 caperoboru,
833 3421 954 3491 paster,
972 3423 1032 3476 tut

111 3509 271 3554 t'lltdlthls.
552 3504 572 3550 ‚¹
811 3510 830 3563 b
