2340 4296
252 644 318 709 214
530 642 562 703 r.
583 622 745 703 maaian
766 642 940 705 unrtoms

252 798 315 873 „Ne
330 804 401 873 pete
416 796 577 857 connubiis
592 802 692 855 natam
708 795 829 854 sociare
843 794 966 869 Latinis,

250 880 296 959 „0
311 898 380 941 urea
393 882 566 957 progenies,
582 880 723 940 thalamis
739 896 797 938 neu
813 880 904 938 erede
919 882 1054 953 paratis:

251 966 394 1041 „Externi
408 967 534 1026 veniunt
547 965 664 1041 generi·
677 964 728 1039 qui
744 964 892 1037 sauguine
907 972 1045 1025 nostrum

251 1050 386 1125 „Nomen
401 1050 431 1109 in
447 1058 531 1111 astra
546 1051 651 1121 lerant,
669 1063 860 1123 quorumque
875 1047 914 1107 ab
929 1051 1026 1124 stirpe
1041 1062 1163 1129 nepote

250 1133 378 1209 „Omnia
392 1134 449 1193 sub
465 1134 605 1210 podibus»,
623 1149 685 1208 qua
698 1132 752 1191 Sol
767 1140 928 1206 utrumque
943 1136 1110 1198 recurrens

250 1220 413 1295 „Adspicit
427 1217 589 1289 Oceanum,
607 1217 745 1292 vertique
759 1217 886 1291 regique
901 1217 1083 1279 videbunt.“

249 1302 334 1362 Haec
348 1317 501 1376 responsa
514 1301 609 1378 patris
624 1300 718 1359 Fauni
734 1302 929 1374 monitusque
944 1302 1045 1363 silenti

249 1387 345 1447 Nocte
360 1388 450 1446 datos
465 1401 527 1445 non
543 1386 611 1461 ipse
626 1400 682 1443 suo
699 1386 808 1459 premit
823 1400 876 1443 ore
891 1385 1030 1457 Lntiuus3

251 1470 314 1531 Sed
329 1472 442 1530 circum
457 1471 517 1529 late
532 1470 664 1527 volilaus
680 1470 738 1527 iam
753 1468 845 1527 Fama
861 1484 916 1543 per
930 1468 1023 1531 urbes

248 1556 405 1615 Alisonias
420 1554 537 1625 tulerat,
554 1568 646 1627 quum
661 1552 881 1613 Laomedontia
897 1551 993 1627 pubes

251 1640 411 1699 Gramiuoo
427 1638 514 1711 ripae
528 1638 667 1711 religavit
680 1637 719 1695 ab
735 1652 847 1711 aggere
861 1638 1002 1696 classem.

291 1725 412 1781 Aeneas
427 1721 579 1797 primique
594 1722 689 1780 duces
705 1729 736 1781 et
749 1716 877 1797 pul'elrer
891 1723 972 1780 iulus

251 1807 388 1879 Corpora
401 1805 459 1865 sub
473 1805 566 1865 ramis
582 1806 740 1881 deponunt
753 1806 873 1865 arboris
889 1806 976 1878 allae,

250 1890 471 1964 instituuntque
486 1890 593 1966 dapes,
613 1897 642 1949 et
656 1892 771 1949 adorea
787 1890 847 1948 liba
861 1904 917 1964 per
930 1888 1057 1949 herbam

250 1974 418 2035 Subliciunt
432 1974 533 2049 epulis
545 1975 614 2034 -sic
630 1975 744 2049 Iupiter
758 1974 826 2048 ipse
840 1973 982 2032 mouebat
994 2006 1022 2045 -‚

247 2058 286 2121 Et
300 2058 424 2118 Cereale
438 2060 539 2119 solum
553 2060 653 2133 pomis
668 2058 839 2133 agrestibus
856 2066 975 2130 augent.

249 2142 421 2204 Consumtis
437 2143 488 2203 hic
503 2144 581 2203 torte
595 2144 671 2216 aliis,
687 2149 721 2201 ut
733 2150 854 2201 vertere.
870 2158 989 2201 morsus

247 2228 396 2303 Exiguam
410 2226 440 2285 in
456 2226 596 2287 Cererem
611 2226 739 2303 penuria
754 2228 856 2301 adegit
869 2226 990 2295 edendi,

247 2312 415 2382 Elviolarc
429 2328 519 2371 manu
535 2312 685 2386 malisque
700 2311 867 2371 audacibus
884 2310 988 2368 orbem

246 2394 360 2455 Fatalis
376 2398 478 2470 euasti,
494 2396 606 2471 patulis
623 2411 679 2455 nec
694 2410 822 2471 parcere
838 2394 979 2469 ‹pradris;

247 2482 366 2556 „Heust
390 2480 480 2539 ctiam
495 2496 618 2539 mensas
633 2481 881 2539 consumimust“
904 2478 999 2552 iuquit
1013 2477 1112 2558 luluS,

247 2564 310 2625 Nec
325 2566 414 2639 plura
430 2565 578 2625 alludens.
611 2564 655 2623 Ea
670 2580 731 2624 vox
745 2564 849 2624 audita
864 2561 1001 2622 laborum

246 2646 347 2707 Prima
362 2649 427 2707 tulit
440 2649 540 2721 finem,
557 2648 746 2723 primamque
762 2649 914 2723 loquentis
928 2645 966 2703 ab
983 2662 1037 2705 ore

246 2732 365 2807 Eripuit
379 2740 466 2807 pater
479 2748 515 2791 ae
531 2735 720 2808 stupetactus
737 2734 857 2792 uurruue
878 2732 998 2805 pressit.

248 2816 397 2876 Continuo
412 2816 523 2893 „Salm
538 2818 606 2877 latis
622 2818 693 2876 mibi
710 2818 811 2877 debita
826 2818 924 2887 tellus,

246 2901 415 2975 ‚,Vosque“
430 2902 471 2960 ait
486 2918 523 2975 „o
540 2901 592 2961 lidi
607 2902 715 2961 Troiae
731 2904 846 2961 salveto
861 2900 1004 2959 Penates!

247 2984 323 3061 „ilic
337 2984 456 3057 domus,
472 2986 549 3045 baec
565 2986 661 3061 patria
676 2994 737 3045 est:
759 2988 878 3059 genitor
889 2984 959 3042 milri
972 2984 1153 3051 talia-nam

247 3069 351 3145 „Num
365 3076 472 3145 repeto
483 3102 495 3111 -
507 3070 659 3128 Anchises
677 3070 804 3128 latorum
821 3084 932 3128 arcana
944 3070 1075 3143 reliquit.

247 3152 388 3228 ,monum
404 3162 442 3227 te,
459 3161 537 3225 nate,
554 3154 649 3211 tames
665 3154 768 3227 ignota
783 3155 821 3212 ad
839 3156 926 3212 litora
940 3162 1060 3213 rectum

246 3238 412 3313 ‚‚„Accisls
428 3244 518 3309 coget
532 3237 662 3311 dapibus
679 3252 859 3297 consumere
874 3254 1012 3308 mensas;

246 3322 364 3399 ‚,„Tum
379 3336 506 3396 sperare
520 3321 629 3379 domos
646 3322 797 3395 delessus,
814 3318 917 3397 ibiqire
932 3330 1084 3383 memento

246 3453 264 3481 ,‚
272 3406 389 3479 „Prima
405 3407 506 3463 locare
521 3422 612 3464 mauu
628 3406 787 3482 molirique
802 3424 914 3482 aggere
928 3413 1061 3466 lecta.““

245 3492 349 3568 „Haec
363 3498 428 3548 erat
442 3489 492 3547 illa
507 3490 619 3558 lames;
643 3490 720 3549 baec
735 3507 793 3552 uos
808 3507 953 3567 suprema
967 3491 1122 3569 manebat,

245 3574 371 3651 „Exitils
388 3574 525 3649 positura
539 3577 672 3635 modum.

244 3658 364 3735 „Quare
379 3658 459 3733 agilo
474 3666 504 3717 et
518 3660 616 3734 primo
632 3659 701 3719 laeti
717 3674 785 3718 cum
801 3660 911 3719 lumine
927 3660 1011 3731 solis,

244 3743 348 3818 „Quae
363 3742 440 3813 loeo,
457 3744 549 3819 quim
564 3743 696 3803 habeant
710 3744 857 3805 homines.
875 3744 925 3802 ubi
942 3744 1061 3803 rrroenia
1073 3750 1161 3821 genti

245 3826 467 3903 „vestigemus
484 3836 514 3888 et
528 3844 547 3887 a
561 3836 651 3903 portu
666 3828 789 3889 diversa
804 3836 952 3904 petamus.

236 3908 349 3991 „Nrmc
360 3918 487 3990 pateras
502 3912 685 3987 tiberialem,
701 3912 905 3989 precibusque
918 3918 1027 3971 vocate
