2326 3780
345 169 541 232 nominos
561 170 635 231 LlB.
648 170 672 231 1.
685 172 724 231 ll.
953 170 1017 235 105

62 326 157 399 Nune,
174 323 285 400 quibus
299 323 439 384 Aurorae
454 321 590 382 venisset
602 321 684 382 filius
697 323 799 397 armis,

25 482 31 491 ⁵
62 410 156 482 Nune,
174 409 280 484 quales
294 407 453 466 Diomedis
468 406 549 481 equi,
564 420 653 480 nuno,
669 415 800 481 quantus
813 407 959 467 Achilles.

63 494 146 569 „lmo
163 508 220 567 ege
234 498 264 552 et
278 507 297 551 a
309 492 407 567 prima
421 490 481 562 die
495 489 622 565 hospes,
638 490 755 564 origine
769 490 859 550 nobis

63 576 233 651 ‚,lnsidies“
248 575 345 650 inquit
357 574 524 651 „Danaum
540 588 694 648 casusque
708 580 836 647 tuorum,

64 661 272 736 „Erroresque
285 662 371 720 tuos:
392 674 463 718 nam
476 664 508 718 te
521 657 581 717 iem
595 657 725 732 septima
737 664 839 733 portat
963 664 1016 722 755

64 742 229 821 „Omnibus
243 749 392 805 errantem
405 740 494 802 terris
509 747 540 802 et
553 740 695 802 fluetibus
709 746 840 802 aestas.“

435 883 642 896 —-————

237 1045 241 1052 .
306 999 769 1069 P.V1Rdtt11lttlt0lls

184 1124 216 1218 Α
275 1124 307 1218 ll
365 1123 487 1218 N·ll
546 1125 563 1218 l
621 1126 653 1219 ll
714 1123 744 1220 0
803 1121 831 1217 S

252 1282 256 1293 '
324 1274 462 1337 LIBER
494 1273 751 1339 SECUNDUS.

64 1425 242 1489 Conticuere
257 1439 372 1496 omnes,
389 1424 555 1500 intentique
570 1443 624 1487 ora
636 1424 789 1485 tenebant.

62 1509 137 1568 lnde
151 1515 218 1587 toro
234 1514 321 1582 puter
332 1510 456 1566 Aeneas
472 1509 518 1568 sie
532 1525 622 1569 orsus
637 1508 676 1568 ab
691 1509 769 1569 alto:

63 1591 250 1666 „Infandum
265 1591 379 1664 regina,
396 1590 483 1652 iubes
496 1608 646 1653 renovare
662 1593 809 1668 dolorem,

61 1676 208 1735 Troianos
221 1680 255 1735 ut
269 1690 346 1750 opes
361 1680 390 1735 et
404 1676 596 1736 lamentabile
610 1692 738 1752 regnum
759 1677 763 1682 '

60 1759 201 1820 Eruerint
214 1758 326 1831 Danai;
350 1775 491 1836 quaeque
505 1760 573 1836 ipse
587 1761 756 1820 miserrima
771 1760 842 1835 vidi,
994 1773 1013 1825 o

60 1846 99 1904 Et
113 1859 240 1920 quorum
254 1858 326 1918 pars
342 1859 452 1919 magna
466 1844 517 1903 lui.
553 1844 625 1918 Quis
640 1844 712 1904 talia
726 1844 819 1904 lando

60 1928 286 2004 Myrmidonum
300 1927 492 2004 Dolopumve
507 1936 558 1989 aut
572 1928 639 1988 duri
653 1930 741 1988 miles
755 1928 837 1988 Ulixi
931 1952 934 1961 ·

60 2013 219 2087 Temperet
231 2027 251 2070 a
263 2012 419 2072 lacrimis?
439 2019 469 2072 et
482 2013 543 2072 iam
557 2028 619 2073 nox
633 2012 758 2072 humida
773 2014 861 2072 eoelo

59 2096 247 2171 Praecipitat,
263 2095 454 2170 suadentque
468 2098 608 2156 cadentia
622 2097 725 2157 sidera
739 2112 877 2180 somnos·

60 2179 123 2240 Sed
138 2179 164 2240 si
178 2186 278 2240 tantus
293 2196 379 2242 amor
393 2196 483 2241 casus
499 2195 688 2256 cognoscere
702 2186 825 2241 nostros
977 2190 1013 2242 to

58 2263 97 2322 Et
108 2262 242 2323 breviter
254 2264 361 2323 Troiae
376 2280 552 2341 supremum
565 2265 672 2325 audire
685 2263 839 2335 laborem;

61 2345 248 2421 Quamquam
262 2348 380 2407 animus
394 2349 569 2408 meminisse
583 2347 686 2408 horret
699 2350 844 2423 luctuque
857 2349 975 2425 refugit,

58 2429 223 2504 Incipiam:¹
247 2429 346 2490 Fraoti
358 2430 440 2491 bello
456 2432 588 2507 latisque
600 2432 716 2508 repulsi

58 2514 208 2573 Ductores
222 2513 369 2586 Danaum,
384 2521 429 2575 tot
442 2515 502 2575 iarn
516 2514 687 2576 labentibus
702 2515 800 2589 anule,

59 2598 159 2656 Instar
171 2597 282 2657 montis
298 2613 410 2671 equum
425 2598 529 2659 divina
541 2599 673 2660 Palladis
688 2606 753 2659 arte
832 2594 835 2605 '
977 2608 1011 2663 15

58 2681 239 2754 Aedificant,
256 2688 402 2757 sectuque
415 2683 553 2744 intexunt
566 2683 665 2744 abiete
679 2689 809 2754 oostasa

58 2767 171 2826 Votum
186 2780 241 2841 pro
255 2766 354 2861 rffl'tu
368 2767 525 2827 simulant:
547 2783 584 2827 ea
596 2768 679 2827 lamo
695 2772 829 2843 vagatur.

58 2851 124 2909 Hue
139 2850 256 2909 delecta
269 2850 368 2910 virium
383 2851 479 2911 sortiti
494 2866 625 2927 corpora
639 2851 740 2911 furtim

58 2934 218 2994 lnoludunt
232 2948 325 2994 eaeeo
338 2936 434 3009 lateri,
449 2936 631 3011 penitusque
645 2950 794 2995 cavernas

58 3019 200 3091 Ingentes
214 3024 395 3092 uterumque
409 3026 525 3079 armato
540 3019 634 3078 milite
648 3020 811 3094 complent.
837 3017 838 3020 ’
975 3025 1013 3080 To

58 3102 113 3162 Est
126 3102 157 3161 in
172 3109 340 3177 conspeetu
353 3103 503 3175 Tenedos,
519 3103 679 3163 notissima
692 3104 774 3162 suma

57 3185 169 3257 Insula,
186 3184 273 3245 dives
288 3201 390 3260 opum,
405 3185 515 3245 Priami
530 3187 602 3246 dum
615 3202 711 3261 regno
723 3184 895 3259 manebant,

35 3323 39 3333 .
57 3269 143 3328 Nune
156 3274 270 3329 tantum
285 3268 371 3330 sinus
386 3275 416 3329 et
430 3271 520 3330 statio
535 3271 615 3331 male
629 3269 832 3331 flda'oarinim

57 3353 124 3411 Huc
138 3368 174 3412 se
186 3353 325 3427 provecti
340 3353 462 3414 deserto
477 3354 509 3414 in
523 3354 613 3416 litore
626 3354 780 3416 condunt.

45 3435 119 3494 'llos
131 3434 247 3494 abisse
256 3437 316 3497 rati
329 3444 361 3500 et
375 3446 470 3502 vento
483 3441 622 3520 petiisse
631 3440 812 3522 ltlpeenas.
1016 3426 1066 3480 ’ὦ
