2326 3780
53 141 117 207 308
324 136 359 197 Ρ.
381 135 542 199 vntum]
562 134 758 197 modis

52 294 225 372 „Vidimus
240 291 380 369 ingentes
394 297 426 351 et
439 289 649 351 desolavimus
665 304 785 365 agros.

52 380 142 456 „Aut
159 378 186 438 si
201 378 283 437 inme
294 381 407 451 movet„
420 375 449 435 si
461 380 578 435 tanum
591 379 731 449 pectore
745 372 859 435 robur

53 462 229 538 „concipis
244 467 275 522 et
288 460 316 521 si
329 460 410 521 adeo
425 458 537 521 dotalis
551 457 639 533 regia
652 457 751 519 cordi
767 464 844 527 θεὶς
905 510 908 515 .

53 547 173 621 „Anda
188 552 281 621 utque
293 544 461 605 adversum
473 542 574 603 ddens
589 542 637 602 ier
650 548 770 618 pectus
787 542 826 603 in
842 542 976 605 hostem.
988 547 1028 605 330

52 630 205 706 „Scilicet
221 636 254 691 ut
265 628 366 695 huno
381 627 536 704 contingat
549 626 635 703 regia
649 626 785 701 coniux,

53 715 146 792 „Nos
161 713 281 773 anirnae
293 712 382 788 viles,
396 711 551 772 inhumata
564 709 738 786 infletaque
752 710 865 787 turha,

53 797 252 874 „sternamur
261 796 408 871 campis:
424 796 523 856 Etiam
537 800 579 868 tu,
595 795 622 855 si
637 810 703 871 qua
717 793 778 855 tibi
795 795 863 871 vis,

53 881 108 961 „Si
122 880 212 959 patrii
227 880 302 957 quid
315 880 421 941 Mortis
434 879 542 955 hahes,
557 879 641 939 iilum
653 878 794 955 adspice
811 886 939 953 contra,

122 967 129 981 ⁸
256 968 276 998 ci

53 966 686 1111 ’iffifflsanasnondumne
987 970 1028 1025 ³³⁵

17 1174 20 1179 -
52 1135 112 1196 Dat
124 1134 277 1209 gemitum,
292 1132 467 1208 rumpitque
480 1131 538 1193 has
553 1131 613 1194 imo
629 1136 760 1207 pectore
774 1146 903 1194 voces:

53 1218 173 1298 ,dangu
186 1217 319 1292 quidem,
335 1216 464 1290 Drance,
480 1214 670 1292 semperobi
684 1216 781 1291 copia
798 1216 895 1277 fandi

51 1302 156 1379 ,‚T1mr,
171 1316 266 1376 quum
279 1300 361 1360 belia
373 1317 483 1363 monus
497 1306 639 1377 poscunt,
653 1299 871 1376 patribusque
886 1303 1005 1362 vocatis

53 1385 189 1461 „Primus
205 1384 306 1456 odes3·
322 1384 380 1446 sed
393 1400 456 1447 non
467 1384 618 1463 replenda
630 1391 679 1445 est
693 1384 782 1445 cuma
797 1385 925 1460 verbis,
984 1394 1027 1449 330

53 1468 158 1545 „Quae
170 1475 235 1530 tuto
249 1468 303 1544 tibi
318 1485 429 1545 magna
441 1468 555 1543 volant,
571 1469 645 1531 dum
658 1468 787 1529 distinet
802 1468 940 1532 hostem

53 1555 178 1629 „Agger
191 1569 355 1627 murorum,
370 1567 428 1613 nec
442 1554 591 1616 inundant
605 1552 757 1628 sanguine
770 1553 901 1615 fossae.

52 1637 204 1714 „Proinde
219 1644 292 1699 tona
305 1637 429 1712 cloquio
444 1668 458 1681 ·
472 1637 595 1699 solitum
607 1636 662 1697 tibi
676 1670 690 1680 ·
701 1652 821 1712 meque
837 1638 966 1701 timoris

52 1722 176 1798 „Argue
189 1728 231 1798 tu,
246 1723 374 1798 Drance,
391 1722 515 1796 quando
530 1728 575 1783 tot
589 1720 700 1797 stragis
714 1736 856 1783 acervos

52 1805 257 1883 „Teucrorum
270 1813 323 1866 tuo
336 1806 445 1877 dextra
459 1806 553 1879 dedit,
567 1806 747 1881 passimque
762 1810 912 1882 tropaeis
979 1818 1026 1873 383

53 1890 205 1965 „insignis
220 1906 323 1965 agros.
356 1889 459 1951 Possit
473 1891 549 1967 qnid
561 1890 667 1951 vivida
679 1889 789 1966 virtus,

53 1973 240 2051 „Experiere
254 1975 341 2045 licet;
362 1989 420 2034 nec
434 1975 527 2051 longa
540 1975 657 2037 scilicet
669 1974 779 2035 hostes

52 2057 246 2132 „Quaerendi
260 2058 366 2119 nobis=
389 2059 584 2121 circumstant
596 2058 733 2133 undique
746 2074 875 2122 muros.

53 2144 153 2219 „lmus
169 2144 201 2203 in
215 2144 389 2205 adversos?
400 2176 443 2189 ——
464 2143 542 2217 Quid
557 2149 685 2205 cessas?
705 2158 745 2203 an
760 2143 816 2203 tibi
831 2145 972 2208 Mavors

52 2228 211 2303 „Ventoso
224 2227 254 2287 in
269 2227 374 2303 lingua
386 2227 579 2304 pedibusque
595 2227 752 2304 fugacibus
767 2228 840 2289 istis
978 2238 1029 2295 330

53 2309 202 2387 „Semper
215 2312 292 2373 criti
704 2316 707 2321 '

52 2394 183 2471 „Pulsus
199 2402 279 2470 egoi
299 2402 352 2458 out
366 2396 531 2472 quisquam
544 2396 659 2471 morito,
675 2396 873 2475 foedissime,
889 2402 1015 2477 puisun

52 2480 198 2554 „Arguat
212 2479 305 2540 Iliaco
320 2481 469 2541 tumidum
484 2482 534 2558 qui
551 2496 690 2543 crescere
701 2479 852 2557 Thybrim

53 2561 237 2638 „Sanguine
253 2570 283 2624 et
295 2564 432 2625 Evandri
446 2572 541 2627 totam
554 2581 623 2626 cum
637 2565 731 2640 stirpe
745 2564 872 2628 videbit

53 2645 277 2721 „Procubuisse
292 2647 425 2723 domum,
441 2656 534 2726 atque
548 2656 656 2710 exutos
670 2649 814 2710 meados
827 2654 957 2717 arnust
977 2664 1028 2719 303

52 2730 162 2806 „Haud
177 2730 219 2791 ita
232 2744 280 2791 me
294 2734 412 2808 experti
426 2734 521 2795 Bitias
536 2742 567 2795 et
579 2733 735 2795 Pandarus
749 2732 877 2811 ingens,

52 2814 109 2890 „Et
125 2832 203 2891 quos
218 2815 300 2876 milla
315 2817 365 2877 die
378 2818 478 2879 victor
492 2819 549 2881 sub
563 2819 687 2879 Tartara
699 2816 778 2894 misi,

52 2899 214 2973 „Inclusus
228 2901 323 2962 muris
337 2901 504 2980 hostilique
518 2919 630 2979 aggere
644 2908 763 2978 septus.
805 2938 810 2944 -

51 2984 165 3058 „Naue
176 2988 258 3047 salus
271 2987 354 3049 dello.
389 2987 486 3064 cupiti
501 3004 577 3051 cane
591 2987 671 3061 talia,
688 2988 827 3061 demens,

51 3065 225 3141 „Dardanio
238 3068 394 3147 rebusque
407 3073 477 3135 tdis.
511 3072 643 3135 Proinde
658 3073 761 3133 omnia
774 3089 893 3151 magno
975 3088 1027 3143 000

51 3148 116 3222 ,,Νο
130 3167 221 3215 cessa
233 3154 356 3239 tupbara
369 3164 460 3230 metu,
476 3164 567 3233 atque
582 3158 729 3219 extoliere
743 3158 828 3237 vires

50 3230 179 3303 „Gentis
190 3236 239 3299 bis
254 3238 362 3315 victae,
380 3249 485 3303 eontra
498 3259 637 3319 promere
653 3259 738 3303 arma
749 3242 864 3305 Latini.

50 3312 156 3385 „Nunc
164 3328 194 3381 et
200 3321 425 3399 Myrmidonum
435 3342 580 3403 proceres
588 3327 721 3404 Phrygia
731 3344 817 3389 arma
824 3333 1023 3409 tremiscunt,

46 3393 156 3512 3,ch
171 3411 200 3465 a
213 3406 350 3486 Tydides
364 3415 397 3471 a
407 3410 592 3476 herasmus
608 3412 755 3483 aceruos,
