2326 3780
331 161 569 228 -aaonctcott
587 161 662 223 LlB.
676 163 729 222 lV.
959 160 1015 227 ..Π

63 319 127 380 Seu
139 318 222 376 lento
237 315 347 375 luerint
359 315 495 375 alvearia
507 315 620 375 vimine
633 322 725 390 texui,
948 360 952 365 .

62 405 221 478 Angustos
234 398 367 463 habeant
380 399 498 460 aditusa
519 416 589 458 nam
603 400 715 473 frigore
729 400 819 459 mella
979 406 1014 462 55

60 487 150 562 Cogit
162 486 269 556 hiems,
285 483 456 557 eademque
470 485 555 542 calor
568 483 732 557 liquefacta
745 483 876 545 remittit.

59 571 198 644 Utraque
211 568 260 627 vis
276 566 385 643 apibus
399 567 513 643 pariter
525 566 703 639 metuenda3
725 582 826 643 neque
839 567 909 627 illae

60 653 276 728 Nequidquam
286 651 321 711 -in
333 651 422 711 tectis
436 647 572 711 eertadm
585 651 688 710 tenuia
701 666 773 711 cera

60 738 254 813 spiramenta
266 734 371 807 linunt,
386 735 519 810 lucoque
533 741 563 794 et
577 732 705 794 floribus
720 750 791 796 oras
903 766 906 771 ·

62 821 202 895 Explent,
219 819 440 892 collectumque
453 818 530 877 haec
544 818 613 892 ipsa
627 817 667 877 ad
680 834 806 878 munera
820 818 922 893 gluten
978 824 1014 880 tc

59 905 98 964 Et
111 904 198 963 visco
212 910 244 963 et
255 900 406 976 Phrygiae
420 908 544 961 servant
557 900 626 977 pice
640 901 750 963 lentius
764 902 847 961 ldae.

57 988 162 1064 Saepe
176 986 266 1047 etiam
280 983 414 1058 effossis,
429 985 456 1044 si
470 1001 545 1044 vera
558 992 606 1044 est
619 986 708 1058 sarna,
723 985 846 1045 latebris

58 1071 123 1132 Sub
138 1078 218 1131 terra
233 1070 338 1129 lovere
350 1068 455 1140 larem,
471 1068 653 1144 penitusque
666 1076 806 1144 repertae

57 1154 292 1229 Pumioibusque
307 1150 393 1211 cavis
408 1166 583 1226 exesaeque
596 1151 714 1212 arboris
730 1159 826 1212 antro.

55 1242 103 1301 Tu
115 1248 216 1300 tamen
231 1245 262 1298 et
273 1236 335 1297 levi
350 1235 464 1296 rimosa
478 1235 589 1295 cubilia
601 1236 673 1296 limo
975 1243 1010 1298 45

55 1325 166 1398 Ungue
180 1323 289 1382 fovens
304 1320 426 1392 cineum,
442 1326 472 1378 et
485 1335 571 1379 raras
586 1318 925 1394 superinice-trondem

57 1409 123 1467 Neu
137 1405 266 1481 propius
279 1403 367 1465 tectis
381 1410 485 1463 tartum
500 1403 575 1476 siae,
591 1418 669 1463 neve
682 1403 825 1464 rubentes

58 1490 122 1551 Ure
135 1491 205 1549 loco
221 1502 359 1561 canoros,
373 1489 453 1547 altae
467 1503 528 1549 nea
542 1486 634 1545 crede
646 1486 760 1562 paludi,
905 1534 908 1539 .

59 1575 121 1633 Aut
133 1572 187 1633 ubi
202 1571 280 1633 odor
293 1572 381 1633 coeni
394 1571 508 1647 gravis,
524 1576 575 1631 aut
587 1570 640 1630 ubi
655 1586 791 1630 concava
804 1569 895 1645 pulsu
905 1600 917 1611 ··
945 1596 948 1601 ·

58 1656 145 1718 Saxa
158 1663 270 1716 sonant
282 1655 432 1730 vocisque
447 1653 566 1714 offensa
580 1655 707 1715 resultat
719 1654 829 1728 imago.
974 1661 1010 1713 5ο

101 1739 192 1815 Quod
204 1744 354 1814 superest,
366 1738 419 1799 uhi
433 1739 554 1815 pulsam
567 1738 698 1797 hiemem
712 1738 759 1797 sol
774 1744 884 1797 aureus
899 1735 961 1811 egit

55 1824 122 1887 Sub
137 1831 235 1884 terras
246 1822 426 1897 coelumque
440 1822 558 1883 aestiva
572 1822 640 1882 luce
653 1822 786 1894 reclusit,

57 1910 131 1968 ltlae
145 1907 288 1973 continuo
302 1906 399 1969 saltus
413 1906 571 1980 silvasque
584 1912 755 1980 peragrant,

56 1992 293 2068 Purpureusque
305 1997 421 2051 metunt
434 1988 537 2062 flores,
554 1995 584 2049 et
598 1988 723 2049 flumina
737 1988 830 2047 libant

57 2077 183 2137 Summa
196 2076 294 2135 leves.
326 2074 406 2135 Hinc
419 2073 524 2133 neseio
541 2090 602 2147 qua
616 2073 778 2132 dulcedine
792 2072 888 2131 laetae
972 2080 1006 2132 55

55 2158 236 2235 Progeniem
250 2158 405 2232 nidosque
418 2158 533 2229 levent,
547 2156 620 2217 hina
633 2163 698 2217 arte
711 2162 850 2215 recentes

55 2243 220 2305 Excudent
234 2249 368 2303 ceraset
380 2240 472 2301 mella
483 2240 605 2301 tenacia
617 2239 743 2314 tingant.

56 2326 135 2387 ltine
147 2324 201 2387 ubi
214 2326 276 2387 iam
288 2325 435 2387 omasum
448 2322 553 2385 caveis
566 2322 725 2385 adsidere
738 2322 816 2382 coeti

54 2410 136 2471 Nare
149 2424 207 2485 per
220 2414 367 2469 aestatem
381 2408 534 2485 liquidam-
541 2407 719 2483 suspexeris
737 2420 855 2480 agmen,

53 2492 288 2567 obscuramque
299 2492 380 2553 trahi
394 2498 485 2552 vento
499 2491 650 2553 mirabere
663 2486 790 2560 nubem3
972 2496 1009 2550 60

54 2575 299 2650 contemplatam
321 2591 419 2650 aquas
434 2576 541 2637 dulces
555 2581 586 2635 et
598 2575 727 2636 frondea
740 2588 863 2648 semper

54 2660 149 2721 ‘lecta
162 2666 277 2736 petunt
300 2658 379 2719 -Huc
392 2666 424 2719 tu
438 2660 541 2721 iussos
569 2659 724 2733 adsperge
737 2672 876 2732 sapores,

54 2744 138 2804 Trita
151 2742 347 2820 melisphylla
359 2749 390 2803 et
403 2741 556 2803 cerinthae
570 2742 703 2817 ignobile
716 2756 850 2815 gramen,

53 2827 256 2902 rinntuusque
270 2826 317 2887 cie
330 2834 361 2887 ct
373 2826 478 2887 Matris
493 2835 583 2902 quate
597 2825 739 2901 cymbala
752 2825 880 2885 circum=

56 2912 149 2987 Ipsae
163 2911 325 2973 consident
336 2911 496 2971 medicatis
512 2909 646 2982 sedibus,
663 2909 764 2984 ipsae·
972 2911 1008 2966 65

56 2996 165 3054 intima
178 3009 264 3067 more
278 3010 336 3057 suo
351 3010 422 3056 sese
432 2995 466 3054 -in
480 2992 632 3055 cunabula
646 2993 787 3053 condent.
834 3036 837 3041 -

100 3079 153 3141 Sin
168 3088 267 3140 autem
281 3079 322 3139 ad
335 3094 469 3155 pugnem
483 3077 698 3137 exierint-nam·
710 3090 804 3151 saepe
818 3073 939 3135 duobus

56 3163 192 3238 Regibus
208 3163 334 3225 incessit
346 3176 456 3237 magno
472 3160 629 3223 discordia
641 3166 740 3231 motu;

56 3246 402 3322 Continuoqueeaimos
414 3246 498 3320 vulgi
513 3252 544 3305 et
556 3243 738 3319 trepidantia
751 3241 843 3303 bello:
954 3298 957 3303 .
1000 3252 1005 3273 ²

55 3329 159 3391 Corda
172 3330 242 3390 licet
254 3330 346 3405 longe
359 3329 583 3406 praescissem
605 3341 738 3401 namque
752 3328 916 3389 morantes,
973 3329 1009 3384 to

53 3412 183 3475 Martius
197 3414 247 3475 ille
261 3414 341 3474 aeris
354 3414 439 3475 rauci
455 3412 707 3486 panormenses,
722 3417 752 3473 et
766 3424 830 3469 vox
