2326 3780
355 167 549 231 AENEIDOS
569 170 643 230 LIB.
665 168 717 233 lv.
950 168 1011 237 15⁷

57 323 139 400 „Cur
152 340 221 383 mea
236 324 317 383 dicta
331 330 422 398 negat
436 322 529 382 dures
544 321 702 381 demittere
715 319 746 379 in
761 330 874 383 aures?

57 408 144 484 „Quo
158 409 239 468 ruitt
259 408 435 468 Extremum
448 406 509 466 hoc
521 406 653 466 miserae
667 405 719 465 det
733 420 844 466 mullus
858 410 985 469 amanti=

58 493 241 567 „Exspectet
256 492 439 567 facilemque
453 490 555 565 lugam
569 496 740 564 ventosque
754 488 897 551 terentes.
960 502 1014 557 tao

58 576 145 650 „Non
160 577 221 635 iam
235 574 409 650 coniugium
422 575 587 649 antiquum,
604 573 688 648 quod
702 572 847 649 prodidit,
863 590 927 649 oro,

58 660 150 733 „ileo²
165 659 293 735 pulchro
306 666 340 721 ut
352 659 438 719 Latio
454 665 556 718 emeat
568 671 757 733 regnumque
770 657 936 732 relinquat;

58 743 210 819 „Tempus
225 744 316 804 inane
329 750 411 819 peto,
426 743 564 818 requiem
579 742 773 818 spatiumque
787 741 889 817 imori,

58 828 155 902 „lium
169 843 237 886 mea
250 843 300 887 me
313 828 424 887 victam
439 827 550 888 doceat
563 826 684 888 fortuna
698 825 812 885 dolere.

58 911 250 986 „Extremam
264 912 343 972 hanc
358 928 412 971 oro
426 912 566 971 veniam-
554 910 720 970 -miserere
733 910 887 982 sororis,
960 922 1012 977 435

58 995 174 1069 „Quam
188 997 260 1056 mibi
276 1013 368 1072 quum
383 996 515 1069 dederis,
530 996 711 1055 cumulatam
724 1001 821 1055 morte
834 996 1013 1057 remittamss

57 1081 180 1142 Talibus
196 1081 310 1153 orabat,
325 1081 467 1155 talesque
480 1080 650 1139 miserrima
664 1076 755 1138 fletum

57 1165 188 1241 Fertque
202 1166 356 1239 refertque
370 1180 474 1234 soror,
497 1163 554 1223 sed
568 1164 659 1224 nullis
673 1162 724 1221 ille
738 1171 878 1225 movetur

57 1249 200 1322 Fletibus,
215 1257 267 1308 aut
280 1264 376 1308 voces
391 1248 469 1308 ullas
482 1247 648 1306 tractabilis
663 1247 762 1307 audit.

58 1333 132 1391 Fata
146 1332 276 1405 obstant,
299 1332 500 1407 placidasque
512 1331 570 1389 viri
585 1331 663 1390 deus
678 1330 807 1392 obstulit
820 1350 919 1395 aures.
961 1344 1014 1397 440

58 1417 105 1474 Ac
119 1417 202 1474 velut
216 1430 334 1475 annoso
349 1414 484 1473 validam
500 1429 592 1488 quum
605 1412 718 1473 robore
733 1430 877 1487 quercum

59 1498 162 1573 Alpini
176 1499 295 1557 Boreae
307 1511 389 1559 nuuc
402 1496 474 1556 hinc
489 1512 569 1557 nunc
584 1495 707 1557 flatibus
722 1497 803 1556 illinc

58 1583 173 1641 Eruere
187 1582 265 1639 inter
279 1582 317 1641 se'
328 1586 460 1649 certant;
483 1581 505 1638 it
518 1580 632 1639 stridor
645 1587 675 1638 et
688 1580 767 1639 altae

61 1667 263 1727 Constemunt
275 1672 386 1724 terram
400 1679 553 1723 concusso
569 1664 670 1738 stipite
685 1664 827 1733 lrondes3

60 1752 132 1827 lpsa
145 1751 251 1809 haeret
263 1749 402 1825 scopulis
418 1756 456 1821 et,
472 1753 616 1822 quantum
629 1745 744 1806 vertice
759 1748 798 1807 ad
814 1764 904 1807 auras
960 1756 1012 1811 445

58 1834 229 1908 Aetherias,
245 1840 362 1893 tantum
375 1832 480 1892 radice
494 1832 524 1891 in
539 1831 662 1890 Tartara
674 1830 785 1889 tendit=

58 1918 148 1979 Haud
163 1933 253 1979 secus
268 1917 403 1977 assiduis
418 1916 488 1975 hino
503 1922 596 1991 atque
609 1915 681 1974 irinc
695 1914 824 1975 vocibus
837 1914 929 1975 beros

59 2003 212 2075 Tundltur‚
230 2009 262 2062 et
274 2016 385 2077 magno
401 2000 548 2078 persentit
561 2005 687 2074 pectore
702 2013 807 2068 curas3

60 2088 146 2146 Mens
161 2088 286 2147 immota
297 2092 408 2161 manet,
422 2084 565 2144 lacrimae
579 2084 742 2143 volvuntur
755 2083 871 2143 inanes.

101 2171 175 2230 Tum
189 2186 263 2231 vero
278 2170 385 2231 inlelix
397 2170 469 2229 latis
484 2168 628 2228 exterrita
639 2167 721 2227 Dido
961 2174 1014 2230 450

33 2302 36 2307 .
59 2256 187 2315 Mortem
203 2261 284 2315 orata
304 2254 408 2315 medat
421 2253 499 2313 coeli
515 2267 655 2312 convexa
667 2251 755 2311 tueri.

60 2339 126 2413 Quo
140 2340 238 2415 magis
252 2340 407 2415 inceptum
420 2344 547 2413 peragat
562 2338 723 2410 lucemque
736 2336 895 2411 relinquat

59 2422 154 2497 Vidit,
167 2422 336 2483 brricremis
351 2440 443 2499 quum
458 2422 541 2481 dona
554 2421 724 2496 imponeret
738 2421 829 2495 aris,-

60 2506 251 2567 Horrendum
266 2507 480 2567 dictu-latices
496 2506 670 2580 nigrescere
685 2518 801 2578 sacros,

59 2591 202 2666 Fusaque
217 2592 248 2649 in
262 2590 429 2651 obscenum
444 2606 478 2650 se
492 2596 611 2649 vertere
625 2589 698 2648 vina
711 2604 861 2649 cmorem.
963 2597 1015 2653 455

60 2677 127 2734 Hoc
141 2676 240 2734 visum
255 2675 337 2746 nulli,
354 2690 414 2734 non
430 2674 491 2750 ipsi
504 2673 597 2734 effata
611 2673 721 2734 sorori.

60 2759 220 2819 Praeterea
233 2759 289 2819 luit
303 2760 333 2817 in
347 2758 434 2819 tectis
450 2758 489 2818 de
503 2774 654 2818 marmore
669 2757 813 2834 templum
898 2768 910 2799 -·

62 2844 206 2918 Coniugis
220 2843 345 2918 antiqui,
358 2843 434 2902 miro
451 2843 537 2918 quod
549 2842 668 2902 bonore
683 2840 811 2915 colebat
840 2868 845 2880 ·

60 2928 233 2987 Velleribus
248 2928 346 2986 niveis
362 2934 392 2985 et
406 2929 485 2987 lesta
499 2927 609 2986 ironde
621 2926 804 2987 revinctum:

63 3013 141 3071 ilinc
155 3011 294 3072 exaudiri
308 3027 403 3072 voces
418 3017 448 3071 et
460 3009 558 3070 verba
571 3010 712 3070 vocantis
963 3014 1018 3071 tto

61 3098 138 3156 Visa
152 3097 218 3169 viri,
232 3112 295 3155 nox
312 3112 404 3170 quum
418 3102 516 3155 terras
532 3094 663 3155 obscura
677 3098 810 3163 teneret3

62 3180 197 3256 Solaque
212 3179 392 3240 culminibus
407 3179 493 3240 let-ali
509 3180 642 3238 carmine
656 3177 740 3238 bubo

62 3264 163 3340 Saepe
178 3264 262 3340 queri
278 3271 308 3324 et
320 3263 429 3339 longas
443 3264 474 3322 in
488 3261 593 3323 fletum
608 3263 720 3322 ducere
733 3276 840 3321 voces.
914 3298 922 3311 ·

60 3349 218 3423 Multaque
231 3356 391 3423 praeterea
404 3354 508 3408 vatum
521 3346 680 3423 praedicta
694 3345 831 3422 priorum

59 3430 195 3492 Terribili
209 3433 324 3494 monitu
338 3432 523 3492 horrificant.
548 3432 619 3507 Agit
633 3431 701 3507 ipse
716 3430 870 3491 furentem
966 3434 1023 3487 dds
