2326 3780
369 119 563 182 AENEIDOS
584 123 657 182 LlB.
672 124 711 185 V.
832 146 841 163 ⁴
956 120 1018 186 171

65 278 215 351 Vinaque,
232 284 262 337 ct
276 275 391 351 argenti
405 291 547 350 magnrun
562 275 614 334 dat
629 276 709 337 lerre
722 276 876 337 talentum.

65 362 146 438 Ipsis
160 362 344 436 praecipuos
359 358 536 419 ductoribus
551 358 637 419 addit
649 359 800 422 honores:

65 445 182 506 Victori
196 444 389 521 chlamydem
403 449 554 504 anatum
576 460 667 519 quam
682 445 813 521 plurima
826 444 941 504 circum
968 453 1021 507 25⁰

64 530 202 605 Purpura
214 527 380 589 Maeandro
396 527 510 603 duplici
523 527 677 588 Meliboea
689 528 837 599 cucunq

64 614 264 688 intextusque
277 628 355 688 puer
368 612 518 672 frondosa
530 612 634 687 regius
648 612 709 673 Ide

63 699 198 758 veloces
213 698 313 759 iaculo
328 711 437 756 cervos
453 711 608 772 cursuque
620 696 735 773 fatigat,

62 783 153 857 Acer,
168 781 320 842 anhelanti
335 780 451 853 similis,
468 796 559 855 quern
572 794 705 857 praepes
719 780 758 841 ab
774 781 828 841 ida

63 866 229 927 Sublimem
243 864 374 943 pedibus
389 865 490 941 rapuit
502 863 585 925 lovis
600 864 732 941 armiger
744 866 848 936 uncis3
968 872 1019 925 255

61 951 220 1025 Longaevi
234 951 352 1026 palmas
368 949 575 1025 nequidquam
589 949 630 1009 ad
644 950 748 1011 sidera
760 948 887 1010 tendunt

62 1035 224 1106 custodes,
242 1035 401 1108 saevitque
416 1049 526 1094 canum
539 1034 665 1094 latratus
680 1034 712 1093 in
726 1036 827 1094 auras.

60 1120 103 1179 At
118 1120 170 1195 qui
185 1119 296 1179 deinde
309 1119 411 1179 locum
424 1118 519 1178 tenuit
533 1118 643 1178 virtute
658 1118 836 1191 secundum,

60 1203 196 1263 Levibus
210 1202 281 1262 huic
295 1202 394 1263 hamis
410 1209 583 1262 consertam
598 1218 737 1278 auroque
750 1202 879 1263 trilicem
913 1208 919 1220 ·

60 1287 210 1360 Loricam,
227 1303 319 1362 quam
332 1286 479 1346 Demoleo
494 1286 667 1346 detraxerat
680 1288 750 1362 ipse
966 1291 1019 1347 260

61 1371 170 1430 Victor
185 1370 268 1444 apud
282 1370 424 1445 rapidum
438 1369 594 1429 Simoenta
609 1369 666 1431 sub
681 1371 736 1429 llio
752 1370 823 1444 alto,

61 1454 163 1513 Donat
176 1452 290 1512 habere
304 1454 380 1523 viro,
398 1452 493 1513 decus
508 1459 537 1512 et
551 1460 684 1513 tutamen
698 1453 729 1512 in
744 1453 847 1513 armis.
946 1482 949 1487 ,

61 1538 125 1595 Vix
140 1536 220 1596 illam
235 1536 338 1595 famuli
351 1535 490 1610 Phegeus
505 1535 692 1612 Sagarisque
706 1535 844 1596 terebant

61 1619 268 1695 Multiplicem,
284 1620 406 1679 connixi
420 1620 572 1689 humeris;
593 1620 716 1680 indutus
731 1627 762 1679 at
776 1615 846 1679 olim

61 1704 227 1764 Demoleos
243 1719 334 1764 cursu
348 1704 487 1779 palantes
502 1702 596 1763 Troas
611 1703 730 1778 agebat.
967 1712 1019 1767 265

60 1789 162 1848 Tertia
176 1788 259 1848 dona
272 1787 344 1848 lacit
358 1787 497 1863 geminos
511 1802 551 1848 ex
565 1803 637 1847 aere
651 1787 777 1860 lebetas,

62 1872 252 1950 cymbiaque
267 1879 392 1948 argento
408 1873 544 1949 perlecta
558 1878 650 1946 atque
664 1888 776 1948 aspera
792 1871 898 1946 signis.

60 1958 187 2032 lamque
203 1956 281 2016 adeo
298 1956 402 2016 donati
416 1972 523 2017 omnes
539 1955 713 2033 opibusque
729 1955 854 2032 superbi

61 2041 202 2102 Puniccis
217 2039 300 2101 ibant
314 2040 425 2101 evincti
439 2046 579 2117 tempora
592 2041 711 2114 taeniis,

62 2127 159 2200 Quum
174 2124 269 2186 saevo
285 2140 303 2185 e
317 2127 447 2202 scopulo
461 2126 555 2185 multa
566 2125 620 2184 vix
635 2133 700 2186 arte
714 2124 865 2198 revulsus,
967 2128 1020 2185 lio

61 2210 193 2270 Amissis
208 2210 300 2269 remis
316 2215 407 2284 atque
421 2209 529 2269 ordine
543 2208 652 2269 debilis
666 2224 737 2281 uno,

61 2294 185 2353 irrisam
200 2294 266 2353 sine
280 2293 398 2354 honore
412 2301 509 2354 ratem
523 2292 687 2368 Sergestus
701 2291 821 2367 agebat

63 2376 167 2449 Qualis
183 2392 277 2451 saepe
289 2378 360 2437 viae
374 2378 546 2453 deprensus
561 2377 592 2436 in
607 2392 719 2452 aggere
733 2392 873 2452 serpens,

62 2461 164 2518 Aerea
180 2475 270 2533 quem
283 2460 440 2536 obliquum
452 2469 521 2522 rota
534 2463 652 2522 transiit
666 2468 718 2521 aut
731 2461 834 2536 gravis
848 2460 910 2522 ictu

63 2543 253 2603 Seminecem
267 2544 355 2619 liquit
369 2561 445 2606 saxo
461 2546 656 2621 lacerumque
670 2545 777 2619 viator,
965 2553 1017 2609 ate

61 2627 277 2703 Nequidquam
291 2629 400 2703 longos
415 2630 535 2705 fugiens
547 2630 600 2690 dat
613 2646 744 2706 corpore
757 2635 865 2705 tortus,
1020 2635 1023 2638 ’

61 2711 149 2772 Parte
163 2713 252 2772 ferox
265 2712 440 2790 ardensque
455 2714 551 2775 oculis
567 2721 597 2775 et
611 2714 700 2774 sibila
715 2715 794 2774 colla

61 2796 185 2857 Arduus
200 2796 351 2871 attollens,
366 2813 440 2873 pars
454 2799 579 2860 vulnere
594 2799 704 2859 clauda
716 2805 845 2859 retentat

61 2880 221 2940 Nixantcm
234 2880 325 2941 nodis
341 2896 438 2958 seque
452 2882 483 2942 in
498 2898 555 2943 sua
568 2882 704 2943 membra
717 2883 895 2959 plicantem=

61 2963 125 3023 Tali
139 2965 265 3040 remigio
280 2965 369 3027 navis
382 2980 418 3026 se
431 2967 519 3026 tarda
532 2967 684 3042 movebat,
964 2974 1017 3028 Ἠ)
1127 3006 1132 3013 ν

61 3048 141 3107 Vela
154 3048 225 3108 lacit
237 3055 338 3109 tamen
352 3057 383 3111 et
398 3051 475 3111 velis
489 3050 571 3114 subit
585 3052 666 3112 ostia
679 3050 789 3126 plenis.

62 3130 243 3207 Sergestum·
253 3133 375 3195 Aeneas
390 3135 544 3212 promisso
560 3150 684 3195 munere
698 3135 800 3207 donat,

62 3215 221 3276 Servatam
236 3216 276 3276 ob
291 3234 401 3278 navem
415 3220 513 3280 laetus
529 3219 696 3294 sociosque
709 3218 863 3278 reductos.

62 3298 120 3359 Olli
135 3316 227 3361 serva
240 3301 328 3362 datur
341 3317 469 3380 operum
483 3303 566 3363 lraud
580 3302 874 3378 ignaralttlncruae,

61 3383 173 3447 Cressa
187 3401 292 3462 genus,
306 3384 431 3464 Plrolod,
446 3390 627 3468 geminique
642 3388 704 3452 sub
718 3387 825 3451 ubere
836 3384 921 3445 nati.
995 3380 1063 3436 ‘fib
1146 3416 1150 3421 -
