<?xml version="1.0" encoding="UTF-8"?>
<!DOCTYPE html PUBLIC "-//W3C//DTD XHTML 1.0 Transitional//EN"
    "http://www.w3.org/TR/xhtml1/DTD/xhtml1-transitional.dtd">
<html xmlns="http://www.w3.org/1999/xhtml" xml:lang="en" lang="en">
 <head>
  <title>
</title>
<meta http-equiv="Content-Type" content="text/html;charset=utf-8" />
  <meta name='ocr-system' content='tesseract 3.04.00' />
  <meta name='ocr-capabilities' content='ocr_page ocr_carea ocr_par ocr_line ocrx_word'/>
</head>
<body>
  <div class='ocr_page' id='page_1' title='image "./pvirgiliimaroni11virggoog/pvirgiliimaroni11virggoog_0414.png"; bbox 0 0 2326 3780; ppageno 0'>
   <div class='ocr_carea' id='block_1_1' title="bbox 425 120 1079 187">
    <p class='ocr_par' dir='ltr' id='par_1_1' title="bbox 425 120 1079 187">
     <span class='ocr_line' id='line_1_1' title="bbox 425 120 1079 187; baseline 0.012 -8"><span class='ocrx_word' id='word_1_1' title='bbox 425 120 622 183; x_wconf 82' lang='lat' dir='ltr'>AENEIDOS</span> <span class='ocrx_word' id='word_1_2' title='bbox 642 122 715 185; x_wconf 89' lang='lat' dir='ltr'>LlB.</span> <span class='ocrx_word' id='word_1_3' title='bbox 730 126 769 185; x_wconf 90' lang='lat' dir='ltr'>V.</span> <span class='ocrx_word' id='word_1_4' title='bbox 1017 122 1079 187; x_wconf 77' lang='lat'>169</span> 
     </span>
    </p>
   </div>
   <div class='ocr_carea' id='block_1_2' title="bbox 119 275 1087 3303">
    <p class='ocr_par' dir='ltr' id='par_1_2' title="bbox 119 275 907 355">
     <span class='ocr_line' id='line_1_2' title="bbox 119 275 907 355; baseline 0.005 -18"><span class='ocrx_word' id='word_1_5' title='bbox 119 276 195 337; x_wconf 88' lang='lat' dir='ltr'>Tum</span> <span class='ocrx_word' id='word_1_6' title='bbox 207 290 283 334; x_wconf 91' lang='lat' dir='ltr'>vero</span> <span class='ocrx_word' id='word_1_7' title='bbox 299 277 414 337; x_wconf 78' lang='lat' dir='ltr'>exarsit</span> <span class='ocrx_word' id='word_1_8' title='bbox 427 276 529 337; x_wconf 88' lang='lat' dir='ltr'>iuveni</span> <span class='ocrx_word' id='word_1_9' title='bbox 545 275 635 338; x_wconf 92' lang='lat' dir='ltr'>dolor</span> <span class='ocrx_word' id='word_1_10' title='bbox 648 276 773 338; x_wconf 90' lang='lat' dir='ltr'>ossibus</span> <span class='ocrx_word' id='word_1_11' title='bbox 787 277 907 355; x_wconf 88' lang='lat' dir='ltr'>ingens,</span> 
     </span>
    </p>

    <p class='ocr_par' dir='ltr' id='par_1_3' title="bbox 119 358 982 522">
     <span class='ocr_line' id='line_1_3' title="bbox 119 358 982 437; baseline 0.001 -14"><span class='ocrx_word' id='word_1_12' title='bbox 119 362 183 423; x_wconf 86' lang='lat' dir='ltr'>Nec</span> <span class='ocrx_word' id='word_1_13' title='bbox 196 358 329 422; x_wconf 81' lang='lat' dir='ltr'><strong>lacrimis</strong></span> <span class='ocrx_word' id='word_1_14' title='bbox 344 377 470 422; x_wconf 86' lang='lat' dir='ltr'>caruere</span> <span class='ocrx_word' id='word_1_15' title='bbox 483 376 591 437; x_wconf 87' lang='lat' dir='ltr'>genae,</span> <span class='ocrx_word' id='word_1_16' title='bbox 609 376 798 437; x_wconf 79' lang='lat' dir='ltr'>segnemque</span> <span class='ocrx_word' id='word_1_17' title='bbox 811 362 982 437; x_wconf 80' lang='lat' dir='ltr'>Menoeten,</span> 
     </span>
     <span class='ocr_line' id='line_1_4' title="bbox 122 445 828 522; baseline 0.003 -16"><span class='ocrx_word' id='word_1_18' title='bbox 122 445 238 506; x_wconf 86' lang='lat' dir='ltr'><strong>Oblitus</strong></span> <span class='ocrx_word' id='word_1_19' title='bbox 254 445 439 522; x_wconf 82' lang='lat' dir='ltr'>decorisque</span> <span class='ocrx_word' id='word_1_20' title='bbox 452 446 500 507; x_wconf 89' lang='lat' dir='ltr'>sui</span> <span class='ocrx_word' id='word_1_21' title='bbox 516 446 697 521; x_wconf 84' lang='lat' dir='ltr'>sociumque</span> <span class='ocrx_word' id='word_1_22' title='bbox 711 447 828 520; x_wconf 88' lang='lat' dir='ltr'>salutis,</span> 
     </span>
    </p>

    <p class='ocr_par' dir='ltr' id='par_1_4' title="bbox 120 529 1080 776">
     <span class='ocr_line' id='line_1_5' title="bbox 120 529 1080 606; baseline 0.001 -14"><span class='ocrx_word' id='word_1_23' title='bbox 120 533 155 592; x_wconf 91' lang='lat' dir='ltr'>ln</span> <span class='ocrx_word' id='word_1_24' title='bbox 170 545 254 590; x_wconf 90' lang='lat' dir='ltr'>mare</span> <span class='ocrx_word' id='word_1_25' title='bbox 268 531 466 606; x_wconf 88' lang='lat' dir='ltr'>praecipitem</span> <span class='ocrx_word' id='word_1_26' title='bbox 480 531 577 606; x_wconf 91' lang='lat' dir='ltr'>puppi</span> <span class='ocrx_word' id='word_1_27' title='bbox 593 529 733 591; x_wconf 86' lang='lat' dir='ltr'>deturbat</span> <span class='ocrx_word' id='word_1_28' title='bbox 746 530 784 590; x_wconf 89' lang='lat' dir='ltr'>ab</span> <span class='ocrx_word' id='word_1_29' title='bbox 800 532 873 603; x_wconf 72' lang='lat' dir='ltr'>alta:</span> <span class='ocrx_word' id='word_1_30' title='bbox 1029 536 1080 593; x_wconf 77' lang='lat'>1⁷5</span> 
     </span>
     <span class='ocr_line' id='line_1_6' title="bbox 120 613 866 693; baseline 0.001 -17"><span class='ocrx_word' id='word_1_31' title='bbox 120 617 194 692; x_wconf 92' lang='lat' dir='ltr'>Ipse</span> <span class='ocrx_word' id='word_1_32' title='bbox 207 613 392 690; x_wconf 80' lang='lat' dir='ltr'>gubernaclo</span> <span class='ocrx_word' id='word_1_33' title='bbox 407 622 509 675; x_wconf 91' lang='lat' dir='ltr'>rector</span> <span class='ocrx_word' id='word_1_34' title='bbox 523 615 613 689; x_wconf 80' lang='lat' dir='ltr'>subit,</span> <span class='ocrx_word' id='word_1_35' title='bbox 629 615 699 691; x_wconf 92' lang='lat' dir='ltr'>ipse</span> <span class='ocrx_word' id='word_1_36' title='bbox 711 618 866 693; x_wconf 84' lang='lat' dir='ltr'>magister,</span> 
     </span>
     <span class='ocr_line' id='line_1_7' title="bbox 120 700 937 776; baseline -0.001 -16"><span class='ocrx_word' id='word_1_37' title='bbox 120 702 327 774; x_wconf 88' lang='lat' dir='ltr'>Hortaturque</span> <span class='ocrx_word' id='word_1_38' title='bbox 340 700 435 774; x_wconf 87' lang='lat' dir='ltr'>viros,</span> <span class='ocrx_word' id='word_1_39' title='bbox 451 700 634 776; x_wconf 89' lang='lat' dir='ltr'>clavumque</span> <span class='ocrx_word' id='word_1_40' title='bbox 648 700 690 760; x_wconf 87' lang='lat' dir='ltr'>ad</span> <span class='ocrx_word' id='word_1_41' title='bbox 703 700 793 761; x_wconf 91' lang='lat' dir='ltr'>litora</span> <span class='ocrx_word' id='word_1_42' title='bbox 805 707 937 776; x_wconf 85' lang='lat' dir='ltr'>torquet.</span> 
     </span>
    </p>

    <p class='ocr_par' dir='ltr' id='par_1_5' title="bbox 121 783 951 860">
     <span class='ocr_line' id='line_1_8' title="bbox 121 783 951 860; baseline -0.005 -14"><span class='ocrx_word' id='word_1_43' title='bbox 121 788 163 846; x_wconf 85' lang='lat' dir='ltr'>At</span> <span class='ocrx_word' id='word_1_44' title='bbox 176 783 288 860; x_wconf 85' lang='lat' dir='ltr'>gravis,</span> <span class='ocrx_word' id='word_1_45' title='bbox 303 791 336 845; x_wconf 89' lang='lat' dir='ltr'>ut</span> <span class='ocrx_word' id='word_1_46' title='bbox 349 785 444 845; x_wconf 86' lang='lat' dir='ltr'>lando</span> <span class='ocrx_word' id='word_1_47' title='bbox 458 784 511 844; x_wconf 85' lang='lat' dir='ltr'>vix</span> <span class='ocrx_word' id='word_1_48' title='bbox 525 785 649 845; x_wconf 85' lang='lat' dir='ltr'>tandem</span> <span class='ocrx_word' id='word_1_49' title='bbox 663 784 802 846; x_wconf 89' lang='lat' dir='ltr'>redditus</span> <span class='ocrx_word' id='word_1_50' title='bbox 818 786 878 846; x_wconf 92' lang='lat' dir='ltr'>imo</span> <span class='ocrx_word' id='word_1_51' title='bbox 894 792 951 845; x_wconf 91' lang='lat' dir='ltr'>est.</span> 
     </span>
    </p>

    <p class='ocr_par' dir='ltr' id='par_1_6' title="bbox 121 868 1082 1111">
     <span class='ocr_line' id='line_1_9' title="bbox 121 868 959 947; baseline 0 -18"><span class='ocrx_word' id='word_1_52' title='bbox 121 870 187 929; x_wconf 88' lang='lat' dir='ltr'>Iam</span> <span class='ocrx_word' id='word_1_53' title='bbox 201 869 312 945; x_wconf 91' lang='lat' dir='ltr'>senior,</span> <span class='ocrx_word' id='word_1_54' title='bbox 326 869 513 944; x_wconf 88' lang='lat' dir='ltr'>madidaque</span> <span class='ocrx_word' id='word_1_55' title='bbox 527 868 629 930; x_wconf 85' lang='lat' dir='ltr'>fluens</span> <span class='ocrx_word' id='word_1_56' title='bbox 644 869 675 930; x_wconf 88' lang='lat' dir='ltr'>in</span> <span class='ocrx_word' id='word_1_57' title='bbox 688 876 786 947; x_wconf 90' lang='lat' dir='ltr'>veste,</span> <span class='ocrx_word' id='word_1_58' title='bbox 801 870 959 930; x_wconf 84' lang='lat' dir='ltr'>Menoetes</span> 
     </span>
     <span class='ocr_line' id='line_1_10' title="bbox 123 952 1082 1031; baseline -0.003 -16"><span class='ocrx_word' id='word_1_59' title='bbox 123 954 248 1015; x_wconf 89' lang='lat' dir='ltr'>Summa</span> <span class='ocrx_word' id='word_1_60' title='bbox 261 954 336 1031; x_wconf 90' lang='lat' dir='ltr'>petit</span> <span class='ocrx_word' id='word_1_61' title='bbox 350 954 480 1031; x_wconf 89' lang='lat' dir='ltr'>scopuli,</span> <span class='ocrx_word' id='word_1_62' title='bbox 496 952 643 1030; x_wconf 89' lang='lat' dir='ltr'>siccaque</span> <span class='ocrx_word' id='word_1_63' title='bbox 656 953 688 1014; x_wconf 94' lang='lat' dir='ltr'>in</span> <span class='ocrx_word' id='word_1_64' title='bbox 700 969 779 1031; x_wconf 90' lang='lat' dir='ltr'>rupe</span> <span class='ocrx_word' id='word_1_65' title='bbox 792 954 917 1015; x_wconf 87' lang='lat' dir='ltr'>resedit.</span> <span class='ocrx_word' id='word_1_66' title='bbox 1030 958 1082 1013; x_wconf 81' lang='grc'>100</span> 
     </span>
     <span class='ocr_line' id='line_1_11' title="bbox 121 1038 873 1111; baseline 0 -12"><span class='ocrx_word' id='word_1_67' title='bbox 121 1040 210 1100; x_wconf 92' lang='lat' dir='ltr'>Illum</span> <span class='ocrx_word' id='word_1_68' title='bbox 225 1045 255 1098; x_wconf 92' lang='lat' dir='ltr'>et</span> <span class='ocrx_word' id='word_1_69' title='bbox 269 1038 421 1098; x_wconf 89' lang='lat' dir='ltr'>labentem</span> <span class='ocrx_word' id='word_1_70' title='bbox 434 1038 543 1098; x_wconf 80' lang='lat' dir='ltr'>Teucri</span> <span class='ocrx_word' id='word_1_71' title='bbox 557 1045 588 1098; x_wconf 89' lang='lat' dir='ltr'>et</span> <span class='ocrx_word' id='word_1_72' title='bbox 599 1039 697 1099; x_wconf 88' lang='lat' dir='ltr'>risere</span> <span class='ocrx_word' id='word_1_73' title='bbox 711 1045 873 1111; x_wconf 83' lang='lat' dir='ltr'>natantem,</span> 
     </span>
    </p>

    <p class='ocr_par' dir='ltr' id='par_1_7' title="bbox 120 1122 888 1198">
     <span class='ocr_line' id='line_1_12' title="bbox 120 1122 888 1198; baseline -0.003 -14"><span class='ocrx_word' id='word_1_74' title='bbox 120 1124 159 1184; x_wconf 87' lang='lat' dir='ltr'>Et</span> <span class='ocrx_word' id='word_1_75' title='bbox 173 1123 275 1182; x_wconf 88' lang='lat' dir='ltr'>salsos</span> <span class='ocrx_word' id='word_1_76' title='bbox 290 1123 391 1183; x_wconf 88' lang='lat' dir='ltr'>rident</span> <span class='ocrx_word' id='word_1_77' title='bbox 404 1130 613 1183; x_wconf 88' lang='lat' dir='ltr'>revomentem</span> <span class='ocrx_word' id='word_1_78' title='bbox 627 1128 753 1198; x_wconf 89' lang='lat' dir='ltr'>pectore</span> <span class='ocrx_word' id='word_1_79' title='bbox 765 1122 888 1185; x_wconf 88' lang='lat' dir='ltr'>fluctus.</span> 
     </span>
    </p>

    <p class='ocr_par' dir='ltr' id='par_1_8' title="bbox 120 1200 1082 1532">
     <span class='ocr_line' id='line_1_13' title="bbox 120 1200 929 1282; baseline 0.001 -15"><span class='ocrx_word' id='word_1_80' title='bbox 120 1208 179 1268; x_wconf 92' lang='lat' dir='ltr'>Hic</span> <span class='ocrx_word' id='word_1_81' title='bbox 193 1208 274 1267; x_wconf 87' lang='lat' dir='ltr'>laete</span> <span class='ocrx_word' id='word_1_82' title='bbox 288 1208 432 1267; x_wconf 87' lang='lat' dir='ltr'>extremis</span> <span class='ocrx_word' id='word_1_83' title='bbox 447 1222 522 1282; x_wconf 92' lang='lat' dir='ltr'>spes</span> <span class='ocrx_word' id='word_1_84' title='bbox 537 1213 585 1267; x_wconf 90' lang='lat' dir='ltr'>est</span> <span class='ocrx_word' id='word_1_85' title='bbox 599 1222 732 1267; x_wconf 85' lang='lat' dir='ltr'>accensa</span> <span class='ocrx_word' id='word_1_86' title='bbox 745 1207 878 1282; x_wconf 85' lang='lat' dir='ltr'>duobus,</span> <span class='ocrx_word' id='word_1_87' title='bbox 912 1200 929 1237; x_wconf 75' lang='lat'>⁶</span> 
     </span>
     <span class='ocr_line' id='line_1_14' title="bbox 123 1288 964 1367; baseline -0.002 -16"><span class='ocrx_word' id='word_1_88' title='bbox 123 1292 268 1367; x_wconf 82' lang='lat' dir='ltr'>Sergesto</span> <span class='ocrx_word' id='word_1_89' title='bbox 282 1289 505 1365; x_wconf 88' lang='lat' dir='ltr'>Mnestheique,</span> <span class='ocrx_word' id='word_1_90' title='bbox 521 1288 609 1367; x_wconf 75' lang='lat' dir='ltr'>Gyan</span> <span class='ocrx_word' id='word_1_91' title='bbox 625 1306 772 1365; x_wconf 90' lang='lat' dir='ltr'>superare</span> <span class='ocrx_word' id='word_1_92' title='bbox 785 1298 964 1351; x_wconf 81' lang='lat' dir='ltr'>morantem.</span> 
     </span>
     <span class='ocr_line' id='line_1_15' title="bbox 123 1374 1082 1451; baseline 0.002 -16"><span class='ocrx_word' id='word_1_93' title='bbox 123 1376 287 1451; x_wconf 83' lang='lat' dir='ltr'>Sergestus</span> <span class='ocrx_word' id='word_1_94' title='bbox 303 1375 385 1449; x_wconf 89' lang='lat' dir='ltr'>capit</span> <span class='ocrx_word' id='word_1_95' title='bbox 399 1380 469 1433; x_wconf 92' lang='lat' dir='ltr'>ante</span> <span class='ocrx_word' id='word_1_96' title='bbox 482 1374 593 1449; x_wconf 81' lang='lat' dir='ltr'>locum,</span> <span class='ocrx_word' id='word_1_97' title='bbox 610 1374 802 1449; x_wconf 90' lang='lat' dir='ltr'>scopuloque</span> <span class='ocrx_word' id='word_1_98' title='bbox 817 1376 1011 1451; x_wconf 80' lang='lat' dir='ltr'>propinquat,</span> <span class='ocrx_word' id='word_1_99' title='bbox 1031 1382 1082 1437; x_wconf 84' lang='grc'>1811</span> 
     </span>
     <span class='ocr_line' id='line_1_16' title="bbox 121 1457 856 1532; baseline -0.007 -13"><span class='ocrx_word' id='word_1_100' title='bbox 121 1461 185 1519; x_wconf 86' lang='lat' dir='ltr'>Nec</span> <span class='ocrx_word' id='word_1_101' title='bbox 198 1465 263 1517; x_wconf 87' lang='lat' dir='ltr'>tota</span> <span class='ocrx_word' id='word_1_102' title='bbox 276 1464 377 1517; x_wconf 90' lang='lat' dir='ltr'>tamen</span> <span class='ocrx_word' id='word_1_103' title='bbox 391 1458 443 1516; x_wconf 93' lang='lat' dir='ltr'>ille</span> <span class='ocrx_word' id='word_1_104' title='bbox 457 1457 542 1532; x_wconf 92' lang='lat' dir='ltr'>prior</span> <span class='ocrx_word' id='word_1_105' title='bbox 555 1464 723 1532; x_wconf 91' lang='lat' dir='ltr'>praeeunte</span> <span class='ocrx_word' id='word_1_106' title='bbox 737 1458 856 1517; x_wconf 89' lang='lat' dir='ltr'>carina:</span> 
     </span>
    </p>

    <p class='ocr_par' dir='ltr' id='par_1_9' title="bbox 122 1540 953 1616">
     <span class='ocr_line' id='line_1_17' title="bbox 122 1540 953 1616; baseline -0.005 -13"><span class='ocrx_word' id='word_1_107' title='bbox 122 1543 211 1603; x_wconf 87' lang='lat' dir='ltr'>Parte</span> <span class='ocrx_word' id='word_1_108' title='bbox 225 1541 317 1616; x_wconf 88' lang='lat' dir='ltr'>prior,</span> <span class='ocrx_word' id='word_1_109' title='bbox 332 1548 451 1615; x_wconf 87' lang='lat' dir='ltr'>partem</span> <span class='ocrx_word' id='word_1_110' title='bbox 464 1546 565 1600; x_wconf 89' lang='lat' dir='ltr'>rostro</span> <span class='ocrx_word' id='word_1_111' title='bbox 580 1540 691 1615; x_wconf 90' lang='lat' dir='ltr'>premit</span> <span class='ocrx_word' id='word_1_112' title='bbox 703 1543 824 1602; x_wconf 84' lang='lat' dir='ltr'>aemula</span> <span class='ocrx_word' id='word_1_113' title='bbox 837 1540 953 1601; x_wconf 87' lang='lat' dir='ltr'>Pristis.</span> 
     </span>
    </p>

    <p class='ocr_par' dir='ltr' id='par_1_10' title="bbox 122 1624 826 1700">
     <span class='ocr_line' id='line_1_18' title="bbox 122 1624 826 1700; baseline -0.003 -14"><span class='ocrx_word' id='word_1_114' title='bbox 122 1630 165 1686; x_wconf 83' lang='lat' dir='ltr'>At</span> <span class='ocrx_word' id='word_1_115' title='bbox 178 1625 279 1685; x_wconf 92' lang='lat' dir='ltr'>media</span> <span class='ocrx_word' id='word_1_116' title='bbox 294 1624 398 1684; x_wconf 87' lang='lat' dir='ltr'>socios</span> <span class='ocrx_word' id='word_1_117' title='bbox 412 1624 559 1684; x_wconf 88' lang='lat' dir='ltr'>incedens</span> <span class='ocrx_word' id='word_1_118' title='bbox 574 1638 654 1683; x_wconf 87' lang='lat' dir='ltr'>neve</span> <span class='ocrx_word' id='word_1_119' title='bbox 668 1640 724 1699; x_wconf 92' lang='lat' dir='ltr'>per</span> <span class='ocrx_word' id='word_1_120' title='bbox 737 1625 826 1700; x_wconf 92' lang='lat' dir='ltr'>ipsos</span> 
     </span>
    </p>

    <p class='ocr_par' dir='ltr' id='par_1_11' title="bbox 122 1707 1085 1956">
     <span class='ocr_line' id='line_1_19' title="bbox 122 1707 984 1784; baseline -0.005 -14"><span class='ocrx_word' id='word_1_121' title='bbox 122 1712 267 1770; x_wconf 79' lang='lat' dir='ltr'>Hortatur</span> <span class='ocrx_word' id='word_1_122' title='bbox 278 1707 474 1770; x_wconf 79' lang='lat' dir='ltr'>Mnestheus:</span> <span class='ocrx_word' id='word_1_123' title='bbox 495 1708 609 1784; x_wconf 72' lang='lat' dir='ltr'>„iluna</span> <span class='ocrx_word' id='word_1_124' title='bbox 625 1723 707 1768; x_wconf 91' lang='lat' dir='ltr'>nunc</span> <span class='ocrx_word' id='word_1_125' title='bbox 721 1708 868 1784; x_wconf 86' lang='lat' dir='ltr'>insurgite</span> <span class='ocrx_word' id='word_1_126' title='bbox 881 1707 984 1781; x_wconf 85' lang='lat' dir='ltr'>remis,</span> 
     </span>
     <span class='ocr_line' id='line_1_20' title="bbox 125 1792 1085 1873; baseline 0 -19"><span class='ocrx_word' id='word_1_127' title='bbox 125 1793 285 1873; x_wconf 77' lang='lat' dir='ltr'>„Hectorei</span> <span class='ocrx_word' id='word_1_128' title='bbox 299 1793 386 1869; x_wconf 88' lang='lat' dir='ltr'>socii,</span> <span class='ocrx_word' id='word_1_129' title='bbox 400 1792 510 1853; x_wconf 83' lang='lat' dir='ltr'>Troiae</span> <span class='ocrx_word' id='word_1_130' title='bbox 525 1807 605 1868; x_wconf 86' lang='lat' dir='ltr'>quos</span> <span class='ocrx_word' id='word_1_131' title='bbox 621 1799 705 1853; x_wconf 91' lang='lat' dir='ltr'>sorte</span> <span class='ocrx_word' id='word_1_132' title='bbox 720 1808 866 1868; x_wconf 89' lang='lat' dir='ltr'>suprema</span> <span class='ocrx_word' id='word_1_133' title='bbox 997 1833 1002 1842; x_wconf 85' lang='lat'><em>-</em></span> <span class='ocrx_word' id='word_1_134' title='bbox 1032 1799 1085 1854; x_wconf 84' lang='lat'>190</span> 
     </span>
     <span class='ocr_line' id='line_1_21' title="bbox 124 1877 846 1956; baseline 0 -18"><span class='ocrx_word' id='word_1_135' title='bbox 124 1878 249 1956; x_wconf 83' lang='lat' dir='ltr'>„Delegi</span> <span class='ocrx_word' id='word_1_136' title='bbox 264 1879 408 1949; x_wconf 71' lang='lat' dir='ltr'>comites:</span> <span class='ocrx_word' id='word_1_137' title='bbox 431 1892 512 1937; x_wconf 91' lang='lat' dir='ltr'>nune</span> <span class='ocrx_word' id='word_1_138' title='bbox 526 1877 594 1937; x_wconf 90' lang='lat' dir='ltr'>illas</span> <span class='ocrx_word' id='word_1_139' title='bbox 608 1877 739 1953; x_wconf 88' lang='lat' dir='ltr'>promite</span> <span class='ocrx_word' id='word_1_140' title='bbox 752 1878 846 1954; x_wconf 90' lang='lat' dir='ltr'>vires,</span> 
     </span>
    </p>

    <p class='ocr_par' dir='ltr' id='par_1_12' title="bbox 123 1960 912 2125">
     <span class='ocr_line' id='line_1_22' title="bbox 123 1960 912 2041; baseline -0.005 -18"><span class='ocrx_word' id='word_1_141' title='bbox 123 1963 227 2041; x_wconf 87' lang='lat' dir='ltr'>„Nunc</span> <span class='ocrx_word' id='word_1_142' title='bbox 242 1963 371 2038; x_wconf 87' lang='lat' dir='ltr'>animos,</span> <span class='ocrx_word' id='word_1_143' title='bbox 387 1961 499 2036; x_wconf 91' lang='lat' dir='ltr'>quibus</span> <span class='ocrx_word' id='word_1_144' title='bbox 514 1961 546 2021; x_wconf 91' lang='lat' dir='ltr'>in</span> <span class='ocrx_word' id='word_1_145' title='bbox 561 1961 695 2022; x_wconf 88' lang='lat' dir='ltr'>Gaetulis</span> <span class='ocrx_word' id='word_1_146' title='bbox 712 1962 847 2040; x_wconf 74' lang='lat' dir='ltr'>syrtibus</span> <span class='ocrx_word' id='word_1_147' title='bbox 861 1960 912 2025; x_wconf 87' lang='lat' dir='ltr'>usi</span> 
     </span>
     <span class='ocr_line' id='line_1_23' title="bbox 123 2046 895 2125; baseline -0.001 -18"><span class='ocrx_word' id='word_1_148' title='bbox 123 2048 292 2125; x_wconf 86' lang='lat' dir='ltr'>„Ionioque</span> <span class='ocrx_word' id='word_1_149' title='bbox 306 2047 381 2106; x_wconf 89' lang='lat' dir='ltr'>mari</span> <span class='ocrx_word' id='word_1_150' title='bbox 395 2046 577 2121; x_wconf 85' lang='lat' dir='ltr'>Maleaeque</span> <span class='ocrx_word' id='word_1_151' title='bbox 592 2046 777 2123; x_wconf 84' lang='lat' dir='ltr'>sequacibus</span> <span class='ocrx_word' id='word_1_152' title='bbox 791 2046 895 2108; x_wconf 90' lang='lat' dir='ltr'>undis.</span> 
     </span>
    </p>

    <p class='ocr_par' dir='ltr' id='par_1_13' title="bbox 122 2130 1087 2798">
     <span class='ocr_line' id='line_1_24' title="bbox 122 2130 1053 2209; baseline -0.004 -17"><span class='ocrx_word' id='word_1_153' title='bbox 122 2133 210 2209; x_wconf 89' lang='lat' dir='ltr'>„Non</span> <span class='ocrx_word' id='word_1_154' title='bbox 224 2132 284 2191; x_wconf 87' lang='lat' dir='ltr'>iam</span> <span class='ocrx_word' id='word_1_155' title='bbox 298 2132 397 2207; x_wconf 88' lang='lat' dir='ltr'>prima</span> <span class='ocrx_word' id='word_1_156' title='bbox 410 2138 482 2207; x_wconf 89' lang='lat' dir='ltr'>peto</span> <span class='ocrx_word' id='word_1_157' title='bbox 497 2130 686 2206; x_wconf 68' lang='lat' dir='ltr'>Mnestheus</span> <span class='ocrx_word' id='word_1_158' title='bbox 702 2147 804 2209; x_wconf 92' lang='lat' dir='ltr'>neque</span> <span class='ocrx_word' id='word_1_159' title='bbox 817 2131 941 2191; x_wconf 87' lang='lat' dir='ltr'>vincere</span> <span class='ocrx_word' id='word_1_160' title='bbox 956 2136 1053 2189; x_wconf 84' lang='lat' dir='ltr'>certo</span> 
     </span>
     <span class='ocr_line' id='line_1_25' title="bbox 123 2214 1085 2293; baseline 0.001 -17"><span class='ocrx_word' id='word_1_161' title='bbox 123 2217 333 2293; x_wconf 81' lang='lat' dir='ltr'>„Quamquam</span> <span class='ocrx_word' id='word_1_162' title='bbox 345 2231 363 2276; x_wconf 94' lang='lat' dir='ltr'>o</span> <span class='ocrx_word' id='word_1_163' title='bbox 426 2214 489 2275; x_wconf 90' lang='lat' dir='ltr'>Sed</span> <span class='ocrx_word' id='word_1_164' title='bbox 502 2223 655 2292; x_wconf 64' lang='lat' dir='ltr'>superent,</span> <span class='ocrx_word' id='word_1_165' title='bbox 670 2216 857 2291; x_wconf 90' lang='lat' dir='ltr'>quibushoc‚</span> <span class='ocrx_word' id='word_1_166' title='bbox 868 2214 1017 2290; x_wconf 82' lang='lat' dir='ltr'>Neptune,</span> <span class='ocrx_word' id='word_1_167' title='bbox 1032 2221 1085 2276; x_wconf 77' lang='lat'>195</span> 
     </span>
     <span class='ocr_line' id='line_1_26' title="bbox 123 2298 1083 2377; baseline -0.002 -16"><span class='ocrx_word' id='word_1_168' title='bbox 123 2299 575 2377; x_wconf 79' lang='lat' dir='ltr'>„Extmmospudeatrediisse.</span> <span class='ocrx_word' id='word_1_169' title='bbox 597 2298 894 2375; x_wconf 74' lang='lat' dir='ltr'>Hocvineitaciues,</span> <span class='ocrx_word' id='word_1_170' title='bbox 931 2298 1083 2374; x_wconf 80' lang='lat' dir='ltr'>[dedisti-3</span> 
     </span>
     <span class='ocr_line' id='line_1_27' title="bbox 124 2383 893 2460; baseline 0 -17"><span class='ocrx_word' id='word_1_171' title='bbox 124 2384 181 2459; x_wconf 85' lang='lat' dir='ltr'>„Et</span> <span class='ocrx_word' id='word_1_172' title='bbox 193 2384 353 2460; x_wconf 89' lang='lat' dir='ltr'>prohibete</span> <span class='ocrx_word' id='word_1_173' title='bbox 367 2384 485 2444; x_wconf 84' lang='lat' dir='ltr'>nefas.“</span> <span class='ocrx_word' id='word_1_174' title='bbox 521 2383 579 2444; x_wconf 88' lang='lat' dir='ltr'>Olli</span> <span class='ocrx_word' id='word_1_175' title='bbox 594 2386 759 2445; x_wconf 84' lang='lat' dir='ltr'>certamine</span> <span class='ocrx_word' id='word_1_176' title='bbox 775 2399 893 2445; x_wconf 89' lang='lat' dir='ltr'>summo</span> 
     </span>
     <span class='ocr_line' id='line_1_28' title="bbox 123 2467 944 2546; baseline 0.002 -19"><span class='ocrx_word' id='word_1_177' title='bbox 123 2467 344 2528; x_wconf 79' lang='lat' dir='ltr'>Procumbunt:</span> <span class='ocrx_word' id='word_1_178' title='bbox 366 2468 463 2528; x_wconf 88' lang='lat' dir='ltr'>vastis</span> <span class='ocrx_word' id='word_1_179' title='bbox 477 2469 577 2529; x_wconf 87' lang='lat' dir='ltr'>tremit</span> <span class='ocrx_word' id='word_1_180' title='bbox 590 2468 700 2529; x_wconf 89' lang='lat' dir='ltr'>ictibus</span> <span class='ocrx_word' id='word_1_181' title='bbox 715 2485 808 2529; x_wconf 89' lang='lat' dir='ltr'>aerea</span> <span class='ocrx_word' id='word_1_182' title='bbox 820 2467 944 2546; x_wconf 68' lang='lat' dir='ltr'>puppis</span> 
     </span>
     <span class='ocr_line' id='line_1_29' title="bbox 126 2552 984 2627; baseline 0 -14"><span class='ocrx_word' id='word_1_183' title='bbox 126 2552 380 2627; x_wconf 91' lang='lat' dir='ltr'>Subtrahiturque</span> <span class='ocrx_word' id='word_1_184' title='bbox 395 2554 511 2624; x_wconf 71' lang='lat' dir='ltr'>solum:</span> <span class='ocrx_word' id='word_1_185' title='bbox 532 2560 597 2613; x_wconf 88' lang='lat' dir='ltr'>tum</span> <span class='ocrx_word' id='word_1_186' title='bbox 612 2552 720 2614; x_wconf 90' lang='lat' dir='ltr'>creber</span> <span class='ocrx_word' id='word_1_187' title='bbox 733 2552 885 2614; x_wconf 86' lang='lat' dir='ltr'>anhelitus</span> <span class='ocrx_word' id='word_1_188' title='bbox 901 2560 984 2614; x_wconf 84' lang='lat' dir='ltr'>artus</span> 
     </span>
     <span class='ocr_line' id='line_1_30' title="bbox 124 2636 1087 2713; baseline 0 -16"><span class='ocrx_word' id='word_1_189' title='bbox 124 2637 284 2711; x_wconf 82' lang='lat' dir='ltr'>Aridaque</span> <span class='ocrx_word' id='word_1_190' title='bbox 298 2652 353 2697; x_wconf 93' lang='lat' dir='ltr'>ora</span> <span class='ocrx_word' id='word_1_191' title='bbox 368 2637 472 2712; x_wconf 78' lang='lat' dir='ltr'>quatit,</span> <span class='ocrx_word' id='word_1_192' title='bbox 487 2636 584 2698; x_wconf 88' lang='lat' dir='ltr'>sudor</span> <span class='ocrx_word' id='word_1_193' title='bbox 597 2636 665 2699; x_wconf 81' lang='lat' dir='ltr'>fluit</span> <span class='ocrx_word' id='word_1_194' title='bbox 677 2638 815 2713; x_wconf 92' lang='lat' dir='ltr'>undique</span> <span class='ocrx_word' id='word_1_195' title='bbox 828 2637 915 2698; x_wconf 91' lang='lat' dir='ltr'>rivis.</span> <span class='ocrx_word' id='word_1_196' title='bbox 1033 2644 1087 2697; x_wconf 73' lang='grc'>100</span> 
     </span>
     <span class='ocr_line' id='line_1_31' title="bbox 125 2721 842 2798; baseline -0.003 -17"><span class='ocrx_word' id='word_1_197' title='bbox 125 2722 233 2781; x_wconf 88' lang='lat' dir='ltr'>Attulit</span> <span class='ocrx_word' id='word_1_198' title='bbox 247 2723 316 2798; x_wconf 92' lang='lat' dir='ltr'>ipse</span> <span class='ocrx_word' id='word_1_199' title='bbox 328 2721 404 2782; x_wconf 90' lang='lat' dir='ltr'>viris</span> <span class='ocrx_word' id='word_1_200' title='bbox 420 2726 556 2796; x_wconf 89' lang='lat' dir='ltr'>optatum</span> <span class='ocrx_word' id='word_1_201' title='bbox 570 2736 663 2783; x_wconf 85' lang='lat' dir='ltr'>casus</span> <span class='ocrx_word' id='word_1_202' title='bbox 678 2721 842 2783; x_wconf 82' lang='lat' dir='ltr'>honorem:</span> 
     </span>
    </p>

    <p class='ocr_par' dir='ltr' id='par_1_14' title="bbox 126 2804 1044 2967">
     <span class='ocr_line' id='line_1_32' title="bbox 126 2804 1044 2882; baseline -0.003 -17"><span class='ocrx_word' id='word_1_203' title='bbox 126 2806 263 2881; x_wconf 88' lang='lat' dir='ltr'>Namque</span> <span class='ocrx_word' id='word_1_204' title='bbox 277 2807 381 2867; x_wconf 83' lang='lat' dir='ltr'>furens</span> <span class='ocrx_word' id='word_1_205' title='bbox 397 2805 488 2865; x_wconf 89' lang='lat' dir='ltr'>animi</span> <span class='ocrx_word' id='word_1_206' title='bbox 503 2804 575 2866; x_wconf 92' lang='lat' dir='ltr'>dum</span> <span class='ocrx_word' id='word_1_207' title='bbox 589 2821 713 2882; x_wconf 91' lang='lat' dir='ltr'>proram</span> <span class='ocrx_word' id='word_1_208' title='bbox 727 2806 769 2866; x_wconf 89' lang='lat' dir='ltr'>ad</span> <span class='ocrx_word' id='word_1_209' title='bbox 784 2822 861 2867; x_wconf 86' lang='lat' dir='ltr'>saxa</span> <span class='ocrx_word' id='word_1_210' title='bbox 878 2804 1044 2880; x_wconf 84' lang='lat' dir='ltr'>suburguet</span> 
     </span>
     <span class='ocr_line' id='line_1_33' title="bbox 126 2888 836 2967; baseline 0.001 -18"><span class='ocrx_word' id='word_1_211' title='bbox 126 2890 255 2950; x_wconf 91' lang='lat' dir='ltr'>Interior</span> <span class='ocrx_word' id='word_1_212' title='bbox 268 2888 529 2967; x_wconf 84' lang='lat' dir='ltr'>spatioque-subit</span> <span class='ocrx_word' id='word_1_213' title='bbox 541 2888 706 2966; x_wconf 87' lang='lat' dir='ltr'>Sergestus</span> <span class='ocrx_word' id='word_1_214' title='bbox 721 2890 836 2965; x_wconf 92' lang='lat' dir='ltr'>iniquo,</span> 
     </span>
    </p>

    <p class='ocr_par' dir='ltr' id='par_1_15' title="bbox 126 2974 765 3051">
     <span class='ocr_line' id='line_1_34' title="bbox 126 2974 765 3051; baseline 0 -19"><span class='ocrx_word' id='word_1_215' title='bbox 126 2974 236 3033; x_wconf 86' lang='lat' dir='ltr'>lnlelix</span> <span class='ocrx_word' id='word_1_216' title='bbox 249 2975 334 3036; x_wconf 89' lang='lat' dir='ltr'>saxis</span> <span class='ocrx_word' id='word_1_217' title='bbox 349 2975 380 3034; x_wconf 93' lang='lat' dir='ltr'>in</span> <span class='ocrx_word' id='word_1_218' title='bbox 393 2974 642 3051; x_wconf 84' lang='lat' dir='ltr'>procurrentibus</span> <span class='ocrx_word' id='word_1_219' title='bbox 656 2974 765 3035; x_wconf 89' lang='lat' dir='ltr'>haesit.</span> 
     </span>
    </p>

    <p class='ocr_par' dir='ltr' id='par_1_16' title="bbox 128 3058 1086 3220">
     <span class='ocr_line' id='line_1_35' title="bbox 128 3058 1086 3134; baseline 0 -15"><span class='ocrx_word' id='word_1_220' title='bbox 128 3058 305 3119; x_wconf 86' lang='lat' dir='ltr'>Concussae</span> <span class='ocrx_word' id='word_1_221' title='bbox 320 3065 435 3134; x_wconf 86' lang='lat' dir='ltr'>cautes,</span> <span class='ocrx_word' id='word_1_222' title='bbox 451 3065 585 3120; x_wconf 85' lang='lat' dir='ltr'>etacuto</span> <span class='ocrx_word' id='word_1_223' title='bbox 600 3058 631 3119; x_wconf 91' lang='lat' dir='ltr'>in</span> <span class='ocrx_word' id='word_1_224' title='bbox 644 3058 761 3119; x_wconf 87' lang='lat' dir='ltr'>murice</span> <span class='ocrx_word' id='word_1_225' title='bbox 774 3058 850 3118; x_wconf 92' lang='lat' dir='ltr'>remi</span> <span class='ocrx_word' id='word_1_226' title='bbox 1032 3062 1086 3119; x_wconf 74' lang='lat'>205</span> 
     </span>
     <span class='ocr_line' id='line_1_36' title="bbox 128 3142 842 3220; baseline -0.001 -19"><span class='ocrx_word' id='word_1_227' title='bbox 128 3142 238 3202; x_wconf 85' lang='lat' dir='ltr'>Obnlxi</span> <span class='ocrx_word' id='word_1_228' title='bbox 253 3158 408 3219; x_wconf 88' lang='lat' dir='ltr'>crepuere,</span> <span class='ocrx_word' id='word_1_229' title='bbox 424 3143 565 3219; x_wconf 88' lang='lat' dir='ltr'>illisaque</span> <span class='ocrx_word' id='word_1_230' title='bbox 580 3159 673 3220; x_wconf 91' lang='lat' dir='ltr'>prora</span> <span class='ocrx_word' id='word_1_231' title='bbox 686 3142 842 3219; x_wconf 89' lang='lat' dir='ltr'>pependit.</span> 
     </span>
    </p>

    <p class='ocr_par' dir='ltr' id='par_1_17' title="bbox 128 3227 943 3303">
     <span class='ocr_line' id='line_1_37' title="bbox 128 3227 943 3303; baseline 0.001 -17"><span class='ocrx_word' id='word_1_232' title='bbox 128 3227 323 3303; x_wconf 84' lang='lat' dir='ltr'>Consurgunt</span> <span class='ocrx_word' id='word_1_233' title='bbox 335 3234 448 3292; x_wconf 77' lang='lat' dir='ltr'>nautae,</span> <span class='ocrx_word' id='word_1_234' title='bbox 461 3233 492 3288; x_wconf 89' lang='lat' dir='ltr'>et</span> <span class='ocrx_word' id='word_1_235' title='bbox 504 3242 616 3302; x_wconf 89' lang='lat' dir='ltr'>magno</span> <span class='ocrx_word' id='word_1_236' title='bbox 633 3229 766 3287; x_wconf 89' lang='lat' dir='ltr'>clamore</span> <span class='ocrx_word' id='word_1_237' title='bbox 779 3231 943 3301; x_wconf 88' lang='lat' dir='ltr'>morentur,</span> 
     </span>
    </p>
   </div>
   <div class='ocr_carea' id='block_1_3' title="bbox 76 3309 925 3471">
    <p class='ocr_par' dir='ltr' id='par_1_18' title="bbox 76 3309 925 3471">
     <span class='ocr_line' id='line_1_38' title="bbox 76 3309 865 3388; baseline 0.001 -20"><span class='ocrx_word' id='word_1_238' title='bbox 76 3338 81 3345; x_wconf 91' lang='lat'>·</span> <span class='ocrx_word' id='word_1_239' title='bbox 127 3309 330 3387; x_wconf 84' lang='lat' dir='ltr'>Ferratasque</span> <span class='ocrx_word' id='word_1_240' title='bbox 343 3311 449 3373; x_wconf 92' lang='lat' dir='ltr'>trudes</span> <span class='ocrx_word' id='word_1_241' title='bbox 464 3319 494 3371; x_wconf 92' lang='lat' dir='ltr'>et</span> <span class='ocrx_word' id='word_1_242' title='bbox 508 3320 598 3372; x_wconf 83' lang='lat' dir='ltr'>acuta</span> <span class='ocrx_word' id='word_1_243' title='bbox 613 3311 742 3388; x_wconf 90' lang='lat' dir='ltr'>cuspide</span> <span class='ocrx_word' id='word_1_244' title='bbox 757 3317 865 3370; x_wconf 90' lang='lat' dir='ltr'>contos</span> 
     </span>
     <span class='ocr_line' id='line_1_39' title="bbox 130 3394 925 3471; baseline -0.001 -17"><span class='ocrx_word' id='word_1_245' title='bbox 130 3394 312 3469; x_wconf 85' lang='lat' dir='ltr'>Expediunt‚</span> <span class='ocrx_word' id='word_1_246' title='bbox 328 3397 503 3471; x_wconf 85' lang='lat' dir='ltr'>lmetosque</span> <span class='ocrx_word' id='word_1_247' title='bbox 517 3396 622 3470; x_wconf 89' lang='lat' dir='ltr'>legunt</span> <span class='ocrx_word' id='word_1_248' title='bbox 636 3396 665 3456; x_wconf 95' lang='lat' dir='ltr'>in</span> <span class='ocrx_word' id='word_1_249' title='bbox 681 3394 799 3471; x_wconf 86' lang='lat' dir='ltr'>gurgite</span> <span class='ocrx_word' id='word_1_250' title='bbox 812 3409 925 3454; x_wconf 88' lang='lat' dir='ltr'>remos.</span> 
     </span>
    </p>
   </div>
   <div class='ocr_carea' id='block_1_4' title="bbox 0 0 1177 3780">
    <p class='ocr_par' dir='ltr' id='par_1_19' title="bbox 0 0 1177 3780">
     <span class='ocr_line' id='line_1_40' title="bbox 0 0 1177 3780; baseline 0 0"><span class='ocrx_word' id='word_1_251' title='bbox 0 0 1177 3780; x_wconf 95' lang='lat' dir='ltr'> </span> 
     </span>
    </p>
   </div>
  </div>
 </body>
</html>
