2326 3780
405 142 719 203 rnrnouucrro.
813 100 816 105 ¹
962 113 970 127 ’
1010 148 1038 200 v

79 302 147 374 gilio
161 299 316 355 innotuisse
330 298 550 369 familiaremque
566 300 669 354 lactum
690 315 754 354 esse
776 298 902 355 credunt.
943 300 1037 373 Virgi-

76 384 134 442 lius
156 383 270 456 iugenio
291 382 402 454 placido
423 387 450 437 et
470 399 601 438 sermone
615 383 712 438 lardus
728 383 832 453 luisse,
850 390 933 455 atquc
947 401 1036 457 saepe

80 486 98 525 a
114 467 275 536 stomacho,
304 483 322 521 a
342 467 468 522 lancibus
492 472 520 521 et
533 467 631 522 dolore
648 467 747 538 eapitis
766 468 912 525 laborasse
927 468 1035 528 dicitur.

80 556 234 624 Propterea
248 550 330 607 etiam
345 553 380 605 ab
396 551 574 623 eloquentiae
595 551 688 606 studio
704 552 813 606 alienus
827 554 916 607 semel
930 557 1036 607 tantum

82 652 196 692 causam
212 636 305 707 egisse
319 635 444 690 traditur.
486 635 584 705 Neque
607 636 770 691 turbulentis
789 636 843 691 illis
863 637 1036 707 temporibus

81 720 126 776 his
140 720 237 775 studiis
248 720 328 775 locus
344 724 371 773 et
386 721 578 791 opportunitas
589 720 647 775 luit.
675 720 746 775 lllira
758 724 851 775 autem
862 720 1036 792 grammatici

82 805 118 861 de
134 807 231 862 lavore
248 803 409 873 Octaviani,
430 820 486 875 quo
496 804 700 875 Virgiliusiam
715 804 762 863 illo
775 810 903 875 tempore
918 804 1034 875 gavisus

79 891 176 958 luerit,
194 894 221 943 et
236 887 273 943 de
287 884 447 943 matheseos
463 894 490 943 et
503 888 661 943 medicinae
676 889 806 955 scientia,
828 904 913 959 quam
927 887 1034 943 habue-

25 978 38 1043 ‚'
78 976 129 1043 rit,
151 974 299 1028 finxerunt.
328 972 386 1027 vid.
401 972 500 1027 Donat
516 980 541 1039 §-
555 972 585 1032 8.
601 988 663 1043 sqq.
686 973 781 1043 ibique
795 972 886 1044 Heyn.
909 976 936 1027 et
949 971 1033 1027 Voss.

78 1060 119 1114 ad
135 1058 232 1130 Georp.
255 1074 283 1129 p.
305 1050 377 1116 647.
417 1057 460 1111 Ex
474 1054 593 1129 Syronis
614 1057 762 1127 disciplina
783 1057 858 1112 cirea
878 1073 904 1111 a.
919 1054 991 1117 709.
1006 1056 1035 1110 in
1105 1059 1109 1066 '

79 1158 165 1214 agros
178 1159 246 1197 suos
257 1140 348 1195 rediit
363 1140 434 1195 Tum
447 1142 565 1197 sortasse
576 1146 709 1212 parentes
721 1142 781 1196 eius
793 1140 886 1196 adhuc
897 1141 1034 1208 vixerunt,

79 1242 151 1297 quos
166 1222 585 1286 secundumDonalum2b.iam
599 1226 734 1297 grandior
748 1230 814 1280 natu
828 1224 928 1279 amisit.
941 1224 1035 1296 Atque

80 1312 103 1365 si
116 1328 132 1364 e
144 1308 289 1365 Catalectis
302 1326 415 1365 carmen
427 1310 566 1365 decimum
580 1327 597 1365 a
608 1310 726 1381 Virgilio
738 1310 871 1381 scriplum
883 1314 940 1378 est,
955 1315 1036 1380 pater

81 1410 154 1448 anno
175 1393 246 1453 714.
268 1393 361 1449 adhue
381 1395 409 1447 in
429 1395 502 1450 vivis
523 1395 581 1449 luit.
630 1392 760 1449 Ceterum
779 1401 911 1465 parentes
927 1409 983 1449 non
997 1392 1036 1447 ita

81 1494 223 1547 pauperes
238 1477 340 1545 luisse,
355 1478 423 1529 satis
437 1464 563 1547 apparet.
593 1478 640 1531 An
652 1495 722 1533 vero
736 1483 850 1549 praeter
863 1493 963 1549 agrum
974 1476 1034 1531 An·

84 1559 181 1614 dinum
197 1559 266 1612 alias
282 1558 480 1628 possessiones
500 1558 648 1614 habuerint
662 1561 797 1615 incertum
812 1566 862 1615 est.
906 1560 1033 1616 Comme·

83 1649 207 1697 moratur
222 1641 335 1713 quidem
349 1641 496 1712 praedium
518 1658 608 1713 prope
622 1642 737 1709 Nolam,
759 1644 835 1711 quod
848 1644 959 1713 Virgilii
973 1646 1032 1697 lue·

84 1723 241 1800 rit[Gellius
248 1726 306 1781 Vll.
316 1724 375 1795 20.
388 1723 505 1782 Servius
512 1723 625 1781 edica.
632 1726 691 1781 Vll.
701 1720 782 1795 740„
790 1724 882 1797 Hepn.
890 1728 928 1780 ud
938 1725 1035 1797 Gcorp.

80 1813 113 1867 ll.
130 1805 198 1872 224.
214 1810 338 1867 etVoss.
354 1812 394 1865 od
409 1811 505 1882 Geor-9.
517 1828 546 1883 p.
559 1805 660 1886 924.];
682 1810 734 1867 sed
750 1812 870 1866 sonasse
882 1816 968 1883 poeta
981 1808 1036 1865 hoc

80 1897 134 1952 sibi
149 1896 279 1966 sequiora
295 1902 422 1967 tempore
438 1895 539 1951 eodem
554 1894 639 1951 modo
653 1895 780 1967 paravit,
795 1910 851 1967 quo
864 1893 1034 1950 Maecenatis

79 1980 242 2035 liberalitate
258 1978 365 2035 Romae
386 1981 413 2033 in
433 1980 564 2050 Esquiliis
584 1980 699 2034 domum
719 1978 853 2035 habuisse
876 1978 984 2035 dicitur.
1005 1996 1034 2035 v.

79 2065 178 2119 Donat.
194 2070 218 2131 ς.
234 2058 283 2124 24.
305 2064 435 2119 Fortasse
457 2065 540 2119 etiem
561 2058 856 2137 anno.714.Syronis
872 2064 967 2121 villam
982 2064 1035 2119 sibi

80 2150 162 2213 emit,
179 2148 255 2219 quod
270 2154 344 2203 certe
360 2164 396 2203 ex
411 2148 538 2204 Catulect.
553 2147 588 2202 X.
605 2149 699 2219 colligi
713 2152 814 2220 potest.
899 2214 909 2226 ι

94 2224 97 2229 ’
141 2232 232 2287 Roma
246 2233 274 2287 in
288 2233 435 2304 praedium
446 2232 590 2287 Andiuum
600 2232 692 2287 redux
702 2234 790 2287 lactus
802 2232 935 2305 Virgilius
949 2232 1035 2287 literis

79 2318 194 2373 vaeavit
208 2324 291 2387 atque
303 2316 379 2389 agris
391 2308 517 2372 colendis
528 2316 603 2373 viam
612 2317 649 2371 ad
660 2323 787 2387 agrestes
794 2316 890 2372 Musas
899 2316 951 2371 sibi
966 2330 1035 2387 ape·

80 2403 142 2456 ruit.
185 2400 245 2456 Huc
267 2418 331 2455 eum
352 2402 436 2457 etiam
456 2401 534 2456 duxit
547 2400 728 2468 Parthenius,
757 2416 839 2471 quem
859 2402 1035 2456 Moretum

80 2486 187 2541 Graece
203 2486 351 2557 scripsisse
364 2484 485 2541 tradunt.
513 2502 541 2541 v.
556 2486 647 2557 Heyn.
662 2486 701 2539 ud
717 2485 792 2557 Virp.
806 2484 904 2541 Moret.
921 2501 948 2556 p.
962 2481 1034 2545 302.

79 2570 128 2625 Ad
140 2568 224 2625 huius
240 2571 399 2641 exemplum
419 2569 594 2624 hauddubie
611 2585 684 2623 enno
700 2567 771 2628 709.
787 2575 835 2639 aut
848 2567 919 2630 710.
935 2567 1034 2623 Culi-

81 2670 157 2709 cem
172 2655 337 2725 composuit.
365 2672 392 2709 v.
405 2654 495 2725 lleyn.
509 2655 550 2708 od
558 2654 658 2709 Donat.
670 2652 735 2722 28„
750 2654 834 2709 Voss.
845 2655 885 2709 ed
893 2654 988 2725 Eclop.
999 2652 1033 2706 V.

83 2737 132 2799 02·
158 2756 187 2811 p·
203 2738 273 2801 256.
298 2746 324 2792 et
338 2736 497 2793 Weichert.¹
512 2738 541 2791 ln
555 2736 640 2793 Puett.
653 2738 713 2792 Lat.
732 2740 792 2793 vitis
803 2756 832 2810 p.
850 2736 920 2799 165.
934 2737 1035 2791 Procul

82 2822 167 2879 dubio
184 2824 266 2879 etiarn
281 2824 335 2877 alia
350 2823 474 2878 carmina
487 2823 595 2877 minora
609 2822 656 2876 illo
670 2829 796 2893 tempore
810 2824 883 2878 iecit.
907 2820 1035 2877 Comme-

81 2903 1035 2978 moranturCatalecta,Priapeia‚Epigrammata,lllo-

83 2992 355 3061 retum,llirae,
377 2989 490 3059 Ciris,
507 2989 791 3062 CopaetAetua‚
813 2991 1035 3063 quorumplem-

84 3090 140 3147 que
155 3080 247 3131 tamen
268 3076 321 3132 viri
337 3075 411 3130 docti
431 3076 493 3131 aliis
513 3076 673 3130 auctoribus
694 3076 839 3132 vindicare
860 3074 1034 3130 studuerunt.

81 3158 192 3215 Etenim
204 3159 296 3216 Aetna
307 3160 453 3232 Augusteo
469 3177 542 3216 aevo
556 3160 771 3232 ingravescente
782 3177 799 3214 a
811 3160 915 3216 Lucilio
927 3160 1035 3215 iuniore

83 3250 131 3298 aut
145 3241 415 3301 aComelleSevero
428 3245 547 3316 scriptus
556 3262 621 3301 esse
635 3243 756 3300 videtur.
779 3240 1034 3300 craimedarii.

82 3328 135 3384 der·
148 3333 217 3384 rom.
230 3328 312 3383 liter.
326 3346 355 3399 p.
367 3327 438 3391 207.
453 3344 495 3399 sq.
512 3327 628 3400 copam,
643 3343 726 3398 quam
740 3330 860 3384 Vossius
875 3334 903 3384 et
912 3326 1037 3397 Silligius

82 3426 139 3467 non
154 3412 290 3467 immerito
300 3413 418 3485 Virgilio
433 3413 659 3485 adscripserunt,
677 3414 723 3469 alii
734 3414 768 3470 Α.
781 3412 917 3485 Septimio
927 3409 1043 3466 Sereno
