2326 3780
114 240 177 307 152
384 239 417 299 P.
437 238 600 301 VIRGILII
621 238 796 301 MARONIS

111 394 252 465 Dixerat3
274 392 325 452 ille
339 392 435 468 patris
448 391 550 466 magni
564 405 673 465 parere
687 391 815 467 parabat

112 477 254 554 imperio,
270 482 301 537 ct
314 476 445 551 primum
457 474 589 551 pedibus
604 476 712 535 talaria
725 476 817 557 nectit

111 563 225 635 Aurea,
242 574 320 638 quae
335 558 496 621 sublimem
510 560 576 633 alis,
592 559 659 619 sive
673 575 810 635 aequora
823 574 927 635 supra,
1022 566 1079 621 ιιι)

114 644 178 706 Seu
189 651 310 717 terram,
326 642 437 719 rapido
451 643 566 720 pariter
580 658 650 703 cum
663 642 788 704 flamine
800 649 938 721 portant,

112 729 187 788 Tum
200 727 320 804 virgam·
331 726 487 803 capit-hac
502 727 621 787 animas
635 726 686 787 ille
700 734 809 789 evocat
823 725 901 787 Orco

112 813 273 886 Pallentes,
288 810 365 872 alias
380 809 439 871 suh
452 810 577 883 Tartara
589 810 687 871 tristia
700 811 796 895 mittit,

113 896 173 956 Dat
186 911 313 956 somnos
328 894 504 968 adimitque,
521 902 551 953 et
563 894 677 955 lumina
690 902 788 957 morte
802 895 961 971 resignat.

114 980 170 1052 ¹llla
183 981 278 1040 iratus
293 979 355 1053 agit
370 984 488 1050 ventos,
504 984 535 1037 et
548 977 669 1038 turbida
683 986 782 1040 tranat
1021 988 1077 1043 ιιι

114 1063 232 1125 Nubila
267 1062 393 1137 Iamque
406 1062 516 1122 volans
531 1060 650 1137 apicem
665 1070 694 1122 et
707 1064 803 1123 latera
817 1062 914 1124 ardua
927 1065 1027 1127 cernit

113 1146 245 1209 Atlantis
260 1146 338 1219 duri,
354 1146 474 1206 coelum
490 1145 542 1220 qui
556 1146 670 1213 vertice
684 1147 776 1222 fulcit,

115 1231 255 1303 Atlantis,
272 1230 403 1290 cinctum
417 1228 543 1289 assidue
558 1231 608 1289 cui
622 1231 753 1291 nubibus
768 1230 841 1291 atris

115 1314 279 1375 Pinilarum
293 1319 429 1389 caputet
444 1320 533 1373 vento
548 1315 687 1389 pulsatur
700 1322 730 1375 et
743 1314 841 1389 imbri,

115 1400 175 1459 Nix
187 1398 333 1459 humeros
347 1397 449 1459 inlusa
462 1398 550 1473 tegit:
572 1404 635 1457 tum
649 1396 775 1459 flumina
788 1404 891 1459 mento
1021 1409 1076 1461 250

115 1482 318 1559 Praecipitant
331 1481 425 1555 senis,
441 1488 471 1542 et
485 1481 583 1557 glacie
597 1482 674 1557 riget
687 1482 812 1543 horrida
824 1481 930 1543 barba.

115 1566 173 1627 Hic
186 1566 317 1642 primum
329 1565 456 1642 paribus
470 1566 570 1626 nitens
585 1564 740 1642 Cyllenius
755 1567 812 1627 alis

118 1650 270 1721 Constitit3
293 1650 364 1709 hinc
378 1657 442 1711 toto
456 1664 608 1726 praeceps
623 1665 659 1710 se
674 1665 805 1727 corpore
819 1651 860 1711 ad
873 1649 973 1711 undas
1046 1690 1049 1695 -
1066 1721 1070 1729 ⁴

115 1734 207 1809 Misit,
223 1734 273 1794 avi
287 1733 405 1807 similis,
422 1749 502 1809 quae
516 1734 630 1795 circum
642 1734 740 1809 litora,
756 1735 869 1795 circum

117 1817 262 1880 Piscosos
278 1818 425 1894 scopulos
438 1816 562 1879 humilis
575 1818 661 1879 volat
674 1834 811 1893 aequora
825 1819 918 1878 iuxta.
1020 1828 1077 1882 255

119 1903 208 1964 Haud
222 1902 309 1965 aliter
321 1908 418 1964 terras
433 1900 511 1960 iuter
525 1901 706 1976 coelunque
722 1902 845 1963 volabat

117 1986 202 2048 Litus
218 2002 382 2047 arenosum
396 1984 438 2045 ad
450 1982 578 2059 Libyae,
593 1993 768 2063 ventosque
783 1983 908 2047 secabat

116 2072 254 2135 Materno
267 2069 396 2135 veniens
411 2066 450 2129 ab
464 2084 524 2129 avo
541 2068 679 2147 Cyllenia
692 2072 808 2147 proles.

117 2157 158 2219 Ut
171 2157 302 2234 primum
315 2154 404 2215 alatis
418 2152 515 2229 tetigit
528 2154 659 2229 magalia
672 2156 801 2231 plantis3

117 2243 245 2302 Aenean
260 2240 436 2301 fundantem
450 2252 539 2297 arces
555 2254 592 2297 ac
606 2244 686 2299 tecta
699 2244 863 2299 novantem
1021 2248 1080 2303 hoo

120 2324 303 2400 Conspicit-2
326 2331 418 2398 atque
432 2322 475 2383 illi
489 2322 628 2385 stellatus
641 2323 762 2399 iaspide
777 2323 861 2383 lulva

118 2408 209 2469 Ensis
224 2414 297 2481 erat,
310 2406 466 2483 Tyrioque
479 2405 608 2469 ardebat
619 2408 734 2469 murice
748 2408 837 2467 laena

118 2491 261 2553 Demissa
273 2506 313 2551 ex
326 2490 470 2586 humeris,
485 2491 574 2553 dives
589 2506 669 2567 quae
683 2506 809 2559 munero
821 2489 901 2551 Dido

118 2576 246 2635 Fecerat
259 2582 289 2635 et
297 2573 385 2635 tenui
397 2575 476 2636 telas
490 2576 678 2637 discreverat
692 2590 792 2636 auron

120 2658 268 2720 Continuo
284 2658 415 2718 invadit·
437 2658 501 2734 ,ιιι
514 2674 595 2719 nunc
610 2658 799 2734 Carthaginis
813 2657 892 2719 altae
1021 2668 1079 2723 265

119 2742 346 2819 ‚3Fundamenta
359 2742 455 2815 locas,
469 2742 690 2821 pulchramque
704 2742 831 2803 uxorius
845 2742 952 2803 urbem

119 2825 286 2904 „Exstruia
301 2826 363 2887 heu
375 2827 462 2903 regni
475 2842 639 2903 rerumque
654 2825 745 2886 oblite
760 2829 900 2887 tuarmna

118 2912 211 2989 „Ipse
225 2910 317 2971 deum
330 2910 384 2971 tibi
400 2926 448 2971 me
461 2911 545 2972 claro
561 2910 688 2971 demittit
703 2908 833 2987 Olympo

119 2997 300 3072 „Regnmon
316 2996 436 3057 coelum
449 3002 480 3056 et
492 3002 590 3056 terras
607 2995 658 3070 qui
673 2995 795 3055 numine
808 3000 945 3069 torqueo

119 3081 210 3157 „lpse
224 3079 301 3139 haec
316 3079 396 3139 lerre
409 3078 492 3140 iubet
505 3079 622 3139 celeres
637 3078 780 3138 mandata
793 3094 851 3155 per
864 3092 971 3138 auras=
1022 3084 1080 3141 aio

119 3164 218 3241 „Quid
232 3162 334 3235 suuis,
349 3170 401 3225 aut
414 3179 476 3240 qua
489 3177 548 3239 spe
559 3162 685 3239 Libycis
699 3162 772 3223 teris
787 3162 850 3223 otia
862 3160 972 3223 terrist

120 3248 172 3324 ,,8ι
187 3256 217 3309 te
230 3248 313 3308 nulla
326 3255 430 3308 movet
442 3254 592 3327 ιιιιιιιιιιιι
604 3246 703 3323 gloria
715 3261 826 3321 renum,

120 3334 201 3410 „Nec
215 3347 310 3407 super
322 3332 392 3407 ipse
404 3338 458 3393 tua
471 3320 587 3392 moliri's
600 3331 692 3391 laude
704 3329 856 3401 laborem,

114 3416 306 3494 „ascanium
320 3422 496 3495 surgentem
508 3420 540 3477 et
552 3430 627 3493 spes
640 3414 764 3477 heredis
778 3414 835 3475 lull

99 3502 287 3585 „Respice
292 3502 343 3569 cui
355 3500 616 3585 mmumltdiue
624 3494 939 3573 Romanaquetehue
1029 3500 1089 3551 aaa
