2326 3780
163 234 209 302 68
436 233 469 292 Ρ.
490 232 650 293 utestttl
670 231 844 294 MARONIS

164 388 271 448 Tussis
287 385 395 445 anhela
410 400 482 445 sues
496 400 533 444 ec
547 386 687 447 lancibus
701 385 784 461 angit
798 384 913 445 obesis.

164 472 295 542 Labitur,
311 469 417 529 infelix
429 469 599 531 studiorum
611 477 704 544 etque
717 470 875 528 immemor
888 469 1013 542 herbae,

163 555 270 615 Victor
284 553 570 629 equus‚.lontesque
584 554 727 615 evertitur
740 560 771 613 et
782 553 864 628 pede
877 560 987 613 terram

164 639 277 699 Crebra
290 638 372 697 lerit=
395 636 548 697 dendssee
561 653 661 707 aures,
677 637 810 696 incertus
825 636 938 697 ibidem
1065 643 1120 695 boo

164 723 269 784 Sudor
282 730 311 781 et
326 722 376 780 illa
391 720 516 794 quidem
528 720 681 781 morituris
696 721 834 795 frigidus,
850 729 916 781 aret

162 807 254 866 Pollis
267 814 297 865 ct
309 805 352 864 ad
364 810 476 863 tacttun
490 804 628 863 tractenti
643 805 720 864 dura
733 804 857 864 resistit

162 891 246 951 Haec
260 898 330 949 ante
343 886 467 947 οκὶιίυω
481 887 587 962 primis
602 889 674 947 dant
687 886 776 962 signa
790 887 916 958 diebus-3

164 974 218 1034 Sin
233 974 265 1033 in
279 986 430 1047 processu
443 972 545 1044 coepit
559 972 741 1030 crudescere
755 971 889 1042 morbus,

162 1059 237 1118 Tum
251 1071 323 1116 vcro
340 1054 480 1113 ardentes
496 1054 575 1114 oculi
589 1062 680 1129 utque
696 1061 838 1115 attractus
853 1054 892 1113 ab
906 1056 968 1115 alte
1061 1063 1117 1115 bob

164 1141 303 1216 Spiritus,
319 1137 468 1197 interdum
482 1138 595 1212 gemitu
607 1138 720 1212 grans,
735 1141 857 1214 imaque
871 1139 963 1214 longo

164 1225 219 1283 Ilia
231 1222 362 1297 singultu
376 1221 510 1293 tendunt,
525 1221 548 1280 it
561 1221 685 1282 nuribus
699 1229 765 1282 ater

165 1306 308 1381 sensuris,
324 1313 355 1364 ct
367 1303 517 1365 obsesses
531 1306 636 1366 lauces
652 1307 760 1380 premit
772 1322 886 1381 aspum
899 1306 1012 1382 lingua

164 1389 277 1450 Profuit
291 1389 405 1449 inserto
418 1389 525 1450 latices
539 1389 698 1450 infundere
713 1405 809 1450 cornu

163 1476 317 1533 lenaeus:
339 1488 377 1531 ea
392 1471 459 1533 uisa
473 1475 557 1534 salus
571 1472 769 1534 morientibus
782 1488 859 1542 unat
1065 1480 1120 1533 tito

164 1558 238 1619 Mox
251 1564 316 1617 erat
329 1556 389 1616 boe
402 1556 505 1632 ipsum
518 1557 620 1629 exitio,
635 1557 784 1633 furiisque
798 1557 903 1616 relecti

71 1692 75 1699 ,
164 1641 329 1711 Ardebant,
344 1640 467 1716 ipsique
480 1657 555 1701 suos
570 1641 631 1701 iarn
644 1648 741 1701 morto
755 1639 814 1700 sub
828 1655 933 1715 aegru-

164 1724 203 1787 Di
214 1725 342 1785 meliore
355 1724 423 1799 piis,
439 1739 635 1799 erroremque
648 1724 788 1786 hostibus
803 1724 922 1784 illumi·

164 1808 322 1871 Discissos
334 1808 424 1871 nudis
438 1808 592 1869 inniabant
606 1809 747 1869 dentibus
761 1815 855 1868 artua

68 1912 71 1919 ·
163 1894 244 1954 Ecce
258 1899 358 1953 autem
371 1891 447 1951 duro
463 1893 582 1953 imitans
597 1893 654 1952 sub
669 1906 794 1952 vomere
807 1898 911 1951 taurus
1065 1900 1119 1953 tte

54 3536 74 3570 Ι

165 1977 303 2037 Concidit
316 1982 347 2037 et
358 1975 484 2036 mixtum
498 1976 615 2049 spumis
629 1976 724 2035 vomit
738 1991 792 2035 ore
807 1990 955 2049 eruorem,

99 2060 104 2069 '
164 2062 387 2133 Extremusque
400 2058 459 2117 ciet
473 2059 612 2132 gemitus.
648 2059 673 2119 lt
687 2059 781 2119 tristis
796 2065 906 2130 arator,

163 2144 349 2205 Maerentem
360 2140 528 2214 abiungens
545 2144 675 2203 ireteme
689 2150 785 2203 morte
799 2143 968 2214 iuvencum,

164 2231 266 2301 Atque
282 2239 375 2300 opere
390 2225 419 2282 in
435 2224 536 2285 medio
551 2226 654 2285 defixa
667 2226 808 2302 relinquit
822 2232 930 2287 aratra

164 2310 231 2370 Non
246 2308 370 2368 umbrae
384 2309 512 2369 altorum
527 2325 692 2375 nemorum.
708 2326 769 2371 non
783 2309 887 2370 mollia
899 2317 1031 2384 possunt
1066 2315 1124 2369 bto'

164 2393 253 2452 Prata
266 2406 390 2479 movere
404 2391 545 2467 enimam
560 2409 622 2453 non
637 2394 688 2466 qui
703 2409 758 2468 per
772 2408 850 2454 saxa
861 2393 984 2453 volutus

164 2477 271 2536 Purior
285 2475 397 2535 electm
412 2490 552 2549 campum
568 2477 641 2551 petit
655 2477 769 2547 emnis;
791 2484 821 2537 at
834 2477 896 2537 ima

166 2559 330 2620 Solvuntur
343 2559 446 2628 latera
461 2566 553 2634 atque
568 2561 675 2621 oculos
689 2567 797 2636 stupor
810 2567 897 2634 urget
909 2559 1032 2632 inertes
1084 2582 1087 2588 ·

164 2642 216 2702 Ad
229 2649 401 2715 terramque
414 2640 480 2701 lluit
494 2643 614 2703 devexo
630 2644 767 2718 pondere
781 2643 896 2705 cervix„

165 2726 244 2801 Quid
255 2724 342 2785 labor
352 2731 402 2784 aut
412 2723 572 2785 benefacta
583 2727 707 2787 inventi
721 2727 795 2802 quid
806 2742 928 2787 vomere
938 2734 1036 2789 terres
1067 2735 1120 2791 525

91 2863 94 2872 .
165 2808 331 2871 invertisse
345 2816 477 2883 graves?
498 2810 582 2884 atqui
597 2826 658 2873 non
671 2811 806 2873 Massica
818 2810 931 2871 Bocchi

165 2894 300 2964 Munera,
315 2907 377 2951 non
392 2891 450 2952 illis
465 2894 574 2968 epulae
589 2910 721 2957 nocuere
733 2901 893 2971 reposteer

165 2976 336 3039 Frondibus
352 2984 382 3034 ct
396 2976 477 3037 victu
492 2987 658 3050 pascuntur
672 2966 819 3054 simplicis
834 2976 955 3048 barbae,

166 3062 277 3127 Pocula
294 3066 365 3121 sunt
378 3059 478 3119 iontcs
492 3060 598 3135 liquidi
613 3070 705 3136 atquc
719 3062 852 3122 exercita
866 3076 960 3122 cursu

167 3146 312 3218 Flumina,
326 3158 383 3203 nec
398 3158 524 3205 soutnos
538 3145 688 3220 abrumpit
699 3160 770 3205 cura
784 3144 933 3205 salubres.
1067 3151 1121 3205 eto

164 3232 314 3304 Tempore
328 3244 388 3288 non
404 3226 463 3287 elio
478 3227 581 3289 dicunt
594 3229 769 3304 regionibus
784 3229 842 3288 illis

165 3312 326 3385 Quaesitus
341 3311 378 3370 od
395 3326 485 3371 sacra
497 3311 594 3373 boves
608 3312 741 3383 lunonis,
757 3321 787 3372 ct
801 3312 864 3373 uris

167 3395 335 3472 imparibus
351 3395 460 3457 ductos
474 3396 535 3456 elta
547 3397 587 3457 ed
602 3397 729 3457 donaria
744 3412 860 3456 currus.

166 3482 246 3556 ldrgo
262 3494 352 3555 aegre
366 3480 472 3541 rastris
487 3488 597 3543 terram
611 3482 755 3541 rimantur
769 3489 799 3539 et
813 3479 890 3555 ipsis
