2340 4296
392 665 588 727 rentibus
608 666 681 727 LIB.
703 667 755 727 lV.
984 664 1048 729 168

92 818 182 895 „Ulta
195 818 303 895 virum,
318 833 438 895 poenas
453 818 574 879 inimico
590 834 609 879 a
623 818 715 879 tratre
727 818 846 895 recepi=

90 902 207 981 „Felix
222 902 282 964 heu
295 905 420 965 nimium
434 903 517 975 felix,
533 902 561 963 si
575 902 665 963 litora
677 910 793 964 tantum

90 988 281 1062 „Numquam
294 987 468 1047 Dardaniae
481 987 653 1063 tetigissent
667 994 774 1049 nostra
787 989 909 1049 carinae
917 994 924 1047 t
933 990 952 1022 “

90 1071 174 1131 Dixit
187 1079 225 1145 et,
241 1087 278 1132 os
292 1072 446 1148 impressa
459 1078 536 1146 toro,
551 1071 738 1148 „Moriemur
752 1071 881 1141 inultae;

91 1155 175 1230 „Sed
186 1156 392 1216 moriamurt“
406 1157 463 1218 ait:
477 1157 553 1232 „sic,
565 1156 611 1217 sic
622 1155 706 1217 iuvat
716 1156 761 1216 ire
772 1156 829 1219 sub
841 1155 973 1217 umbras.
994 1164 1051 1219 fido

91 1240 236 1314 „Hauriat
249 1241 330 1301 hunc
345 1241 443 1301 oculis
457 1241 559 1316 ignem
573 1240 707 1302 crudelis
720 1239 759 1299 ab
774 1240 836 1301 alto

89 1324 280 1398 „Dardanus
295 1333 326 1385 et
339 1334 463 1387 nostrae
477 1340 584 1387 secum
598 1325 675 1385 ierat
689 1325 792 1386 omina
804 1324 941 1387 mortis.“

87 1408 230 1478 Dixerat;
253 1416 346 1485 atque
360 1410 443 1471 illam
457 1410 558 1472 media
572 1410 651 1471 inter
663 1410 737 1471 talia
749 1409 830 1469 lerro
868 1474 872 1493 Ι

89 1493 264 1570 collapsam
277 1495 452 1570 adspiciunt
467 1496 605 1567 comites,
627 1508 797 1569 ensemque
811 1508 921 1554 cruore

89 1576 289 1653 Spumantem
303 1595 494 1655 sparsasque
506 1594 626 1639 mantis.
655 1578 680 1639 It
694 1578 810 1638 clamor
823 1578 864 1639 ad
878 1578 940 1639 alta
993 1582 1050 1639 665

86 1662 189 1732 Auia3
213 1678 397 1723 concussum
409 1663 575 1724 bacchatur
590 1663 672 1722 lama
684 1678 740 1739 per
754 1662 874 1734 urbem

87 1745 242 1806 Lamentis
256 1748 432 1822 gemituque
447 1754 478 1807 et
492 1747 624 1807 leminea
638 1746 756 1807 ulidatu

87 1829 179 1890 Tecta
193 1830 341 1899 fremunt3
362 1837 487 1889 resonat
500 1831 620 1905 magnis
634 1829 834 1905 plangoribus
849 1830 964 1907 aether,
1062 1875 1065 1879 >

87 1913 155 1972 Non
169 1913 264 1986 aliter,
282 1930 373 1985 quam
389 1914 415 1973 si
430 1914 576 1973 immissis
590 1919 659 1979 ruat
673 1912 814 1975 hostibus
830 1915 929 1974 omnis

89 1994 239 2069 Carthago
254 2002 306 2054 aut
320 1996 445 2071 antiqua
458 1997 567 2073 Tyros,
587 1995 792 2073 flammaeque
806 1997 940 2058 furentes
993 2007 1048 2062 670

90 2077 228 2138 culmina
240 2093 358 2154 perque
373 2080 529 2141 hominum
542 2082 705 2140 volvantur
719 2096 839 2157 perque
854 2080 990 2141 deorum.

87 2161 194 2222 Audiit
207 2162 367 2237 exanimis,
381 2163 566 2241 trepidoque
581 2164 725 2224 exterrita
740 2180 843 2237 cursu,

86 2245 248 2321 Unguibus
264 2263 320 2307 ora
334 2264 424 2308 soror
442 2248 572 2309 foedans
588 2254 619 2308 et
632 2254 760 2323 pectora
773 2248 894 2324 pugnis,

85 2329 143 2389 Per
157 2331 278 2392 medios
291 2333 360 2405 ruit,
376 2348 413 2393 ac
426 2332 606 2393 morientem
621 2332 744 2393 nomine
759 2332 883 2392 clamata

85 2414 174 2489 „Hoc
189 2415 272 2491 illud,
288 2432 443 2491 germana,
459 2416 535 2477 luitt
556 2432 604 2477 me
618 2416 727 2477 fraude
741 2415 892 2493 petebast
992 2421 1045 2479 675

86 2499 173 2573 „Hoc
186 2516 282 2575 rogus
297 2502 355 2561 iste
369 2501 451 2574 mihi,
467 2500 528 2561 hoc
543 2502 630 2577 ignes
646 2516 780 2575 oraeque
794 2498 966 2587 parabant?

40 2652 44 2659 ¹
85 2582 185 2663 „Quid
200 2585 332 2661 primum
345 2586 470 2647 deserta
485 2592 619 2660 querar?
639 2586 823 2648 comitemne
838 2599 977 2647 sororem

85 2666 256 2745 „Sprevisti
270 2670 427 2731 morienst
448 2669 566 2731 Eadem
579 2686 629 2729 me
643 2670 684 2730 ad
699 2670 762 2731 luta
775 2684 943 2741 vocasses3

85 2752 192 2831 „idem
206 2753 313 2814 ambas
329 2755 411 2815 lerro
426 2754 516 2815 dolor
530 2762 623 2830 atque
637 2754 746 2815 eadem
760 2755 842 2815 hora·
850 2755 984 2817 tulisset!

85 2836 161 2911 „llis
176 2837 267 2897 etiam
281 2839 378 2900 struxi
392 2838 542 2912 manibus,
564 2838 744 2915 patriosque
759 2838 870 2899 vocavi
990 2848 1046 2906 teo

86 2920 193 2996 „Voce
208 2921 294 2995 deos,
310 2924 355 2983 sic
370 2930 400 2983 tc
413 2931 447 2983 ut
460 2923 572 2999 posito,
587 2923 732 2999 crudelis,
746 2922 912 2985 abessent

85 3002 258 3079 „Exstinxti
272 3012 303 3066 te
316 3022 437 3082 meque,
454 3023 553 3083 soror,
570 3008 780 3084 populumque
795 3016 962 3085 patresque

84 3086 252 3163 „Sidonios
266 3088 435 3165 urbemque
449 3100 541 3153 tuam.
570 3091 657 3165 Date,
672 3092 801 3153 vulnera
815 3092 950 3172 lymphis

83 3172 246 3247 „Abluam
262 3181 300 3248 et,
323 3182 478 3235 extremus
493 3176 520 3236 si
537 3176 606 3251 quis
622 3192 715 3252 super
728 3176 842 3238 halitus
856 3184 946 3252 erret,

84 3255 165 3330 „Ore
179 3259 310 3332 legam.“
339 3258 391 3319 Sic
406 3259 468 3319 lata
481 3260 597 3335 gruum
612 3268 755 3321 evaserat
768 3264 857 3336 altos,
988 3270 1042 3325 dea

85 3340 363 3419 semianimemque
378 3342 449 3405 sinu
462 3360 638 3420 germanam
653 3347 796 3421 amplexa
810 3344 934 3407 lovebat

85 3426 158 3485 Cum
172 3428 295 3503 gemitu,
311 3436 405 3505 atque
419 3436 503 3490 atros
519 3426 655 3489 siccabat
667 3436 756 3490 veste
771 3444 907 3489 cruores.

84 3509 147 3585 illa,
164 3526 276 3585 gram
291 3512 400 3574 oculos
415 3520 527 3575 conatu
540 3512 688 3585 attollere,
703 3528 812 3573 nusus

82 3594 208 3667 Dedcitr
229 3594 357 3665 inllxum
371 3597 471 3658 stridit
486 3596 543 3660 sub
559 3605 685 3675 pectore
699 3597 823 3658 mutnus.

82 3678 141 3738 Ter
153 3692 226 3739 sese
238 3680 382 3743 adedere
397 3682 564 3759 cubitoque
579 3683 692 3742 annixa
705 3682 834 3753 levavit;
986 3690 1040 3747 69⁰

82 3764 142 3823 Ter
153 3762 296 3827 revoluto
307 3772 375 3829 toro
389 3773 446 3840 cst,
462 3765 623 3842 oculisque
638 3766 810 3827 errantibus
825 3765 887 3827 alto

82 3846 241 3919 Quaesivit
253 3848 342 3911 coelo
356 3850 464 3925 lucem,
481 3851 688 3929 ingemuitque
701 3858 838 3929 reperta

80 3930 154 3993 Tum
168 3932 245 3995 Iuno
260 3934 463 4015 omnipotens,
478 3936 608 4015 longum
622 3939 779 4006 miserata
791 3936 945 4063 dotorem

798 4034 837 4095 tt
