2340 4296
385 587 580 649 AENEIDOS
601 588 674 649 LIB.
696 589 748 649 iv.
982 592 1047 657 159

89 742 131 801 ht
144 740 259 815 regina,
274 756 355 819 pyra
370 740 516 817 penetrali
530 740 560 799 in
576 742 653 801 sedo
666 738 725 803 sub
739 756 831 805 auras

89 824 198 885 Erecta
212 824 325 900 lngenti
339 824 439 885 taedis
453 831 545 899 atque
559 824 629 885 ilice
643 832 737 899 secta,
991 840 1044 893 sos

88 910 282 984 Intenditque
296 910 398 969 locum
412 908 502 969 sertis
516 914 547 969 et
561 910 671 969 lronde
685 916 813 971 coronat
836 924 841 935 ’

88 994 241 1065 Funerea;
265 1008 359 1069 super
372 992 502 1070 exuuias
517 1008 686 1070 ensemque
699 994 837 1055 relictum

87 1077 291 1155 Eltigiemque
304 1085 372 1138 toro
387 1078 476 1151 locat,
498 1076 581 1139 haud
595 1078 704 1153 ignara
717 1078 818 1139 laturi.

89 1160 176 1222 Stant
189 1178 260 1221 arae
275 1162 397 1234 circum,
413 1167 443 1222 et
457 1161 558 1223 crines
573 1162 673 1223 eliusa
687 1164 836 1223 sacerdos

87 1245 145 1305 Ter
159 1254 281 1306 centum
293 1252 378 1306 tonat
391 1262 445 1305 ore
459 1246 547 1321 deos,
566 1245 760 1323 Erebumque
774 1246 937 1324 Chaosque
991 1258 1046 1313 olo

87 1329 357 1407 Tergenrinamque
371 1330 515 1403 Hecaten,
530 1330 589 1390 tria
603 1330 729 1407 virginis
744 1345 800 1391 ora
812 1330 939 1393 Dianae.

89 1412 251 1490 Sparserat
264 1421 294 1473 et
307 1413 413 1474 latices
428 1413 587 1477 simulatos
602 1416 695 1476 lontis
708 1415 842 1485 hvemi;

88 1496 229 1558 Falcibus
244 1504 274 1557 et
288 1513 410 1559 messae
423 1498 465 1558 ad
479 1500 581 1560 lunam
597 1506 783 1575 quaeruntur
795 1499 882 1561 aenis

88 1581 238 1642 Pubentes
253 1581 366 1641 herbae
380 1582 457 1657 nigri
471 1598 540 1645 cum
554 1582 633 1644 lacte
647 1584 774 1656 veneni3

89 1665 246 1739 Quaeritur
260 1672 291 1725 et
303 1666 457 1726 nascentis
471 1666 543 1741 equi
558 1666 598 1727 de
613 1668 712 1729 lrontc
725 1668 867 1731 revulsus
989 1677 1044 1733 olo

87 1749 124 1809 Et
137 1750 224 1808 matri
240 1756 419 1826 praereptus
434 1765 530 1809 arnor.

87 1834 161 1909 Ipsa
175 1833 257 1893 mola
269 1832 472 1907 manibusque
486 1832 546 1909 piis
562 1832 775 1907 altariolum,

86 1918 186 1978 Unum
202 1924 293 1977 exuta
307 1915 418 1993 pedem
430 1916 555 1987 vinclis,
575 1916 607 1977 in
620 1925 708 1978 veste
722 1920 862 1995 recincta,

86 2002 227 2062 Testatur
238 2002 384 2061 moritura
397 1999 474 2061 deos
489 2005 520 2061 et
533 2002 660 2061 conscia
674 2002 726 2063 lati

88 2084 212 2155 Sidera;
234 2091 305 2159 tum,
321 2085 348 2145 si
364 2085 448 2159 quod
462 2098 525 2145 non
538 2099 639 2159 aequo
655 2086 780 2146 loedere
794 2095 931 2149 amantes
987 2098 1043 2153 sao

88 2169 184 2230 Curae
200 2185 310 2230 numen
324 2168 416 2229 habet
429 2170 604 2244 iustumque
617 2184 804 2245 memorque,
828 2178 976 2247 precatur.

88 2252 154 2315 Nox
168 2261 241 2328 erat,
257 2261 288 2313 et
301 2254 454 2329 placidum
469 2252 636 2329 carpebant
649 2252 735 2314 lessa
749 2268 894 2329 soporem

88 2338 224 2415 corpora
238 2353 294 2415 per
307 2342 413 2409 terras,
429 2338 589 2413 silvaeque
602 2344 633 2397 et
645 2352 742 2399 saevo
756 2338 895 2413 quierant

87 2424 241 2497 Aequora,
258 2438 351 2497 quum
365 2421 468 2482 rnedio
482 2422 647 2483 volvuntur
660 2422 764 2483 sidera
778 2422 876 2499 lapsu,

88 2506 184 2580 Quum
195 2514 275 2567 tacet
285 2506 385 2567 omnis
395 2520 484 2581 agen
499 2506 637 2583 pecudes
649 2507 810 2583 pictaeque
822 2507 972 2583 uolucres,
987 2516 1040 2571 ooo

88 2590 232 2665 Quaeque
247 2592 333 2652 lacus
347 2590 408 2651 late
421 2590 567 2666 liquidos,
584 2606 725 2667 quaeque
739 2606 852 2666 aspera
865 2592 966 2653 dumls

86 2674 169 2735 Rura
180 2680 293 2749 tenent,
307 2689 417 2736 somno
431 2674 551 2751 positae
566 2674 624 2735 sub
638 2682 729 2735 nocte
744 2676 853 2749 silenti,

87 2756 246 2837 [Lenibant
259 2774 348 2821 curas
362 2764 393 2821 et
406 2758 502 2821 corda
515 2758 609 2819 oblita
623 2758 783 2837 laborum]

85 2842 128 2903 ht
140 2857 203 2903 non
216 2842 321 2903 infelix
335 2842 426 2903 animi
439 2842 618 2917 Phoenissa,
633 2858 691 2903 nec
705 2858 848 2919 umquam

88 2924 223 2987 Solvitur
237 2927 268 2987 in
283 2942 419 3003 somnos,
434 2928 573 2989 oculisve
587 2935 639 2988 aut
653 2934 777 3005 pectore
791 2934 911 2989 noctem
986 2938 1041 2993 5³⁰

86 3005 221 3085 accipio
244 3011 429 3085 ingeminant
443 3026 542 3086 curae,
562 3028 731 3087 rursusque
746 3026 911 3087 resurgens

87 3092 192 3153 Saevit
206 3110 292 3155 amor
305 3110 477 3171 magnoque
492 3096 603 3156 ironam
618 3095 743 3157 fluctuat
757 3104 854 3155 aestu.

87 3176 138 3239 Sic
153 3178 231 3238 adeo
247 3178 367 3253 insistit
382 3194 548 3256 secumque
563 3180 605 3240 ita
617 3182 714 3247 corde,
725 3180 853 3240 volutat:

87 3261 162 3337 „En
178 3264 253 3341 quid
267 3270 345 3339 agot
364 3264 521 3323 Rursusne
537 3278 650 3340 procos
664 3264 732 3324 irris
766 3265 887 3339 priores

86 3346 265 3422 „Experiar
282 3348 513 3423 Nomadumque
529 3356 628 3423 petam
642 3363 722 3408 conn
766 3364 796 3407 ra
810 3347 951 3423 supplex,
987 3356 1041 3411 5³⁵

85 3431 191 3505 „Quos
206 3447 264 3507 ego
280 3432 337 3493 sirn
351 3432 442 3493 toties
457 3432 517 3491 inm
532 3432 697 3507 dedignata
710 3432 857 3491 maritost
869 3465 913 3478 -

86 3515 217 3587 „iliacas
232 3516 321 3592 igitur
334 3517 453 3577 classes
468 3523 560 3591 utque
574 3516 679 3577 ultima
691 3515 839 3575 Teucrum

86 3600 194 3675 „Iussa
208 3607 342 3677 sequana
363 3601 474 3677 quiane
489 3600 602 3661 auxilio
617 3600 700 3661 iuvat
714 3605 784 3659 ante
798 3597 926 3669 levatos,

86 3683 144 3757 „Et
157 3684 237 3745 bene
251 3684 334 3761 apud
348 3700 500 3745 memores
514 3684 628 3745 veteris
643 3689 703 3745 stat
717 3682 814 3758 gratia
827 3680 921 3741 lacti?
931 3712 977 3725 -

85 3766 180 3841 „Qiris
194 3784 243 3828 me
257 3770 420 3829 autem-inc
434 3768 617 3843 velle-sinet,
631 3765 809 3841 ratibusque
824 3764 966 3840 superbis
987 3772 1042 3827 oto

86 3850 239 3925 „inrisam
253 3852 404 3930 accipiet?
424 3852 537 3923 nescis,
552 3852 622 3924 heu,
638 3850 770 3928 perdita,
782 3848 923 3909 necdum
