2326 3780
416 120 611 182 nunnmos
630 46 816 183 nmen·
873 182 877 193 ,
921 82 930 111 ’
1016 119 1079 185 215

124 275 299 352 „Anchisen
314 274 491 349 genitorem,
507 282 537 333 et
550 275 623 333 vina
636 277 774 349 reponite
788 274 933 335 mensis.“
983 292 990 303 ‘

124 361 177 422 Sic
193 361 303 419 deinde
318 358 428 419 effatus
443 359 595 418 frondenti
609 366 748 433 tempora
762 375 846 419 ramo
1030 366 1079 420 135

124 445 270 520 Implical,
285 452 315 503 et
329 442 517 517 Geniumque
531 443 590 502 luci
605 443 795 519 primamque
810 444 937 504 deorum

124 529 273 589 Tellurem
287 527 504 603 nymphasque
518 534 548 586 et
562 528 663 587 adhue
677 528 781 602 ignota
795 535 936 603 precatur
1020 528 1022 533 ’

124 611 270 687 Flumina,
285 619 347 672 tum
361 611 487 670 Noctem
500 612 666 686 Noctisque
681 613 808 672 orientia
822 612 910 687 signa

125 697 311 771 Idaeumque
324 697 428 755 Iovem
442 695 671 771 Phrygiamque.
681 713 720 756 ex
735 696 841 755 ordine
855 702 982 755 matrem
1007 730 1012 739 ·

124 782 258 855 Invocat,
274 787 304 841 et
318 781 457 855 duplices
473 779 628 854 Coeloque
641 780 803 855 Ereboque
818 786 971 854 parentes.
1030 785 1081 838 140

124 866 180 925 Hic
193 872 281 940 pater
296 865 488 940 omnipotens
502 871 549 923 ter
562 865 649 923 coelo
664 867 765 924 clarus
781 863 819 923 ab
834 865 895 924 alto

124 950 264 1023 Intonuit,
279 950 436 1023 radiisque
451 949 607 1008 ardentem
621 949 698 1009 lucis
713 956 744 1008 et
757 964 831 1007 auro

123 1035 196 1108 lpse
210 1050 302 1094 manu
317 1035 456 1107 quatiens
472 1034 604 1092 ostendit
618 1033 656 1092 ab
671 1032 794 1093 aethere
808 1032 928 1092 nubem.

123 1118 243 1177 Diditur
256 1118 306 1176 hic
321 1117 421 1177 subito
435 1117 565 1177 Troiana
579 1133 634 1192 per
648 1118 769 1191 agmina
782 1133 894 1192 rumor,

111 1202 300 1260 Advenisse
315 1202 403 1273 diem,
424 1216 485 1274 quo
501 1201 603 1260 debita
617 1202 738 1261 moenia
752 1203 901 1271 condant;
1030 1206 1080 1261 145

126 1285 266 1345 Certatim
281 1284 450 1345 instaurant
464 1285 581 1359 epulas,
597 1291 689 1357 atque
703 1286 803 1344 omine
817 1300 932 1359 magno

125 1369 265 1428 Crateras
280 1369 351 1427 laeti
366 1373 504 1427 statuunt
516 1375 546 1426 et
558 1368 631 1426 vina
645 1375 801 1428 coronant.

165 1451 291 1511 Postera
306 1469 399 1526 quum
414 1452 511 1526 prima
524 1451 671 1510 lustrabat
684 1452 825 1526 lampade
838 1458 935 1511 terras

126 1533 198 1594 Orta
212 1536 294 1605 dies;
318 1534 423 1593 urbem
439 1542 469 1593 et
482 1534 559 1593 fines
574 1542 605 1593 et
619 1535 707 1595 litora
720 1536 819 1609 gentis

124 1618 246 1678 Diversi
262 1620 436 1693 explorant:
458 1619 535 1678 haec
550 1620 642 1678 lontis
657 1626 765 1692 stagna
778 1616 905 1692 Numici,
1029 1626 1081 1680 150

124 1702 213 1761 Hunc
227 1702 370 1779 Thybrim
385 1701 519 1773 fluvium,
535 1703 584 1761 hic
600 1704 692 1763 lortcs
708 1702 844 1762 habitare
858 1702 992 1763 Latinos.

123 1784 201 1846 'lum
216 1793 300 1846 satus
315 1787 452 1846 Anchisa
466 1788 602 1846 delectos
618 1787 724 1846 ordine
738 1787 776 1845 ab
792 1787 873 1847 omni

124 1870 251 1930 Centum
266 1877 403 1931 oratores
419 1878 548 1945 augusta
562 1871 602 1937 ad
617 1871 737 1930 moenia
751 1871 832 1945 regis

80 2002 96 2033 ,
122 1955 171 2014 Ire
186 1955 277 2030 iubet,
292 1956 385 2028 ramis
401 1957 519 2014 velatos
534 1955 672 2021 Palladis¹
682 1969 799 2029 omnes,

122 2039 273 2114 Donaque
288 2040 458 2111 lerreriro,
475 2055 644 2114 pacemque
659 2055 828 2113 exposcere
842 2036 975 2100 Teucris.
1032 2047 1081 2100 155

121 2123 211 2182 Haud
225 2140 320 2196 mora,
336 2124 480 2183 festinant
493 2124 570 2183 iussi
584 2124 762 2198 rapidisque
777 2125 912 2183 feruntur

92 2220 99 2231 ·
122 2205 279 2268 Passibus.
315 2209 386 2283 lpse
401 2208 505 2268 humili
521 2210 661 2282 designat
674 2209 794 2268 moenia
809 2210 904 2282 losse,

123 2289 307 2377 Moliturque
321 2293 431 2366 locum,
448 2293 624 2368 primasque
639 2293 669 2350 in
685 2292 771 2351 litore
786 2293 887 2352 sedes-

84 2378 88 2383 ’
125 2372 300 2433 Castrorum
315 2376 345 2435 in
359 2392 474 2436 morem
491 2377 592 2451 pinnis
605 2383 698 2451 atque
714 2392 825 2450 aggere
841 2376 956 2450 cingit..
1020 2438 1033 2455 ,

124 2456 250 2531 Iamque
265 2458 322 2516 iter
337 2454 461 2533 emensi,
478 2469 576 2520 turres
592 2476 628 2520 ac
644 2460 722 2521 tecla
735 2460 911 2521 Latinorum
1031 2468 1082 2523 160

121 2542 230 2601 Ardua
245 2541 409 2601 cernebant
422 2545 558 2617 iuvenes,
574 2561 722 2619 muroque
737 2546 894 2605 subibant:

121 2629 203 2686 Ante
218 2625 323 2685 urbem
337 2629 424 2701 pueri
438 2636 468 2688 el
482 2630 638 2704 primaevo
653 2628 731 2691 flore
746 2631 888 2691 iuventus

119 2711 311 2771 Exercentur
325 2711 421 2786 equis,
438 2713 645 2788 domitantque
660 2714 689 2772 in
705 2716 831 2790 pulvere
846 2730 961 2789 camus,

121 2796 184 2855 Aut
199 2811 286 2861 acres
300 2796 429 2856 tendunt
442 2813 541 2868 arcus
558 2805 610 2857 aut
625 2799 705 2858 lenta
720 2800 839 2859 lacertis

123 2878 251 2953 Spicula
265 2887 475 2956 contorquent,
492 2898 645 2955 cursuque
659 2882 781 2955 ictaque
795 2883 965 2953 lacessunt;
1032 2888 1082 2943 155

122 2961 221 3034 Quum
234 2973 416 3038 praevectus
432 2982 512 3040 equo
528 2966 669 3039 longaevi
683 2966 765 3040 regis
781 2966 820 3024 ad
835 2981 924 3025 aures

121 3046 250 3107 Nuntius
265 3048 402 3123 ingentes
418 3051 521 3125 ignota
534 3051 564 3108 in
579 3056 667 3108 veste
681 3056 817 3124 reportat

121 3129 299 3191 Advenisse
313 3133 407 3193 viros.
442 3135 496 3192 llle
510 3133 587 3193 intra
600 3139 680 3192 tecte
694 3133 799 3192 vocari

121 3215 263 3289 Imperat,
279 3222 309 3276 et
322 3218 401 3277 solio
415 3218 535 3277 medius
550 3217 691 3291 consedit
705 3217 797 3276 avito.

121 3299 245 3360 Tectum
259 3310 430 3377 augustum,
444 3304 562 3377 ingens,
579 3308 702 3361 centurn
712 3299 849 3361 sublime
856 3292 1114 3365 ‘colummanus

120 3383 203 3444 Urbe
217 3384 271 3443 luit
284 3401 410 3461 summa,
429 3386 595 3449 Laurentis
609 3387 703 3466 regia
712 3386 797 3461 utet,
