<?xml version="1.0" encoding="UTF-8"?>
<!DOCTYPE html PUBLIC "-//W3C//DTD XHTML 1.0 Transitional//EN"
    "http://www.w3.org/TR/xhtml1/DTD/xhtml1-transitional.dtd">
<html xmlns="http://www.w3.org/1999/xhtml" xml:lang="en" lang="en">
 <head>
  <title>
</title>
<meta http-equiv="Content-Type" content="text/html;charset=utf-8" />
  <meta name='ocr-system' content='tesseract 3.04.00' />
  <meta name='ocr-capabilities' content='ocr_page ocr_carea ocr_par ocr_line ocrx_word'/>
</head>
<body>
  <div class='ocr_page' id='page_1' title='image "./pvirgiliimaroni11virggoog/pvirgiliimaroni11virggoog_0454.png"; bbox 0 0 2326 3780; ppageno 0'>
   <div class='ocr_carea' id='block_1_1' title="bbox 356 121 1017 187">
    <p class='ocr_par' dir='ltr' id='par_1_1' title="bbox 356 121 1017 187">
     <span class='ocr_line' id='line_1_1' title="bbox 356 121 1017 187; baseline 0.006 -4"><span class='ocrx_word' id='word_1_1' title='bbox 356 124 549 185; x_wconf 83' lang='lat' dir='ltr'>AENEIDOS</span> <span class='ocrx_word' id='word_1_2' title='bbox 571 125 644 185; x_wconf 90' lang='lat' dir='ltr'>LlB.</span> <span class='ocrx_word' id='word_1_3' title='bbox 665 127 717 185; x_wconf 85' lang='lat' dir='ltr'>vi.</span> <span class='ocrx_word' id='word_1_4' title='bbox 954 121 1017 187; x_wconf 82' lang='grc'>189</span> 
     </span>
    </p>
   </div>
   <div class='ocr_carea' id='block_1_2' title="bbox 54 276 1048 3467">
    <p class='ocr_par' dir='ltr' id='par_1_2' title="bbox 57 276 1016 606">
     <span class='ocr_line' id='line_1_2' title="bbox 58 276 917 352; baseline -0.005 -13"><span class='ocrx_word' id='word_1_5' title='bbox 58 277 216 340; x_wconf 81' lang='lat' dir='ltr'>Conticuit</span> <span class='ocrx_word' id='word_1_6' title='bbox 246 276 372 337; x_wconf 80' lang='lat' dir='ltr'>Gelidus</span> <span class='ocrx_word' id='word_1_7' title='bbox 387 277 510 337; x_wconf 90' lang='lat' dir='ltr'>Teucris</span> <span class='ocrx_word' id='word_1_8' title='bbox 528 294 584 352; x_wconf 89' lang='lat' dir='ltr'>per</span> <span class='ocrx_word' id='word_1_9' title='bbox 599 279 676 337; x_wconf 91' lang='lat' dir='ltr'>dura</span> <span class='ocrx_word' id='word_1_10' title='bbox 689 277 822 337; x_wconf 81' lang='lat' dir='ltr'>cucurrit</span> <span class='ocrx_word' id='word_1_11' title='bbox 914 295 917 299; x_wconf 93' lang='grc'><em>·</em></span> 
     </span>
     <span class='ocr_line' id='line_1_3' title="bbox 59 361 1016 436; baseline 0.001 -13"><span class='ocrx_word' id='word_1_12' title='bbox 59 363 275 434; x_wconf 80' lang='lat' dir='ltr'>Ossatremor,</span> <span class='ocrx_word' id='word_1_13' title='bbox 292 361 454 434; x_wconf 81' lang='lat' dir='ltr'>tunditque</span> <span class='ocrx_word' id='word_1_14' title='bbox 469 377 580 436; x_wconf 78' lang='lat' dir='ltr'>preces</span> <span class='ocrx_word' id='word_1_15' title='bbox 595 378 651 421; x_wconf 89' lang='lat' dir='ltr'>rex</span> <span class='ocrx_word' id='word_1_16' title='bbox 666 368 792 436; x_wconf 83' lang='lat' dir='ltr'>pectore</span> <span class='ocrx_word' id='word_1_17' title='bbox 807 361 846 420; x_wconf 91' lang='lat' dir='ltr'>ab</span> <span class='ocrx_word' id='word_1_18' title='bbox 860 361 937 420; x_wconf 63' lang='lat' dir='ltr'>imos</span> <span class='ocrx_word' id='word_1_19' title='bbox 980 368 1016 423; x_wconf 77' lang='lat'>55</span> 
     </span>
     <span class='ocr_line' id='line_1_4' title="bbox 57 444 903 523; baseline 0 -18"><span class='ocrx_word' id='word_1_20' title='bbox 57 446 210 523; x_wconf 68' lang='lat' dir='ltr'>„Phoebe</span> <span class='ocrx_word' id='word_1_21' title='bbox 226 461 337 520; x_wconf 82' lang='lat' dir='ltr'>graves</span> <span class='ocrx_word' id='word_1_22' title='bbox 352 446 460 504; x_wconf 90' lang='lat' dir='ltr'>Troiae</span> <span class='ocrx_word' id='word_1_23' title='bbox 476 461 599 521; x_wconf 82' lang='lat' dir='ltr'>semper</span> <span class='ocrx_word' id='word_1_24' title='bbox 613 451 756 505; x_wconf 89' lang='lat' dir='ltr'>miserate</span> <span class='ocrx_word' id='word_1_25' title='bbox 770 444 903 519; x_wconf 65' lang='lat' dir='ltr'>labores</span> 
     </span>
     <span class='ocr_line' id='line_1_5' title="bbox 57 528 810 606; baseline -0.001 -18"><span class='ocrx_word' id='word_1_26' title='bbox 57 531 222 606; x_wconf 89' lang='lat' dir='ltr'>„Dardana</span> <span class='ocrx_word' id='word_1_27' title='bbox 237 530 290 604; x_wconf 90' lang='lat' dir='ltr'>qui</span> <span class='ocrx_word' id='word_1_28' title='bbox 303 528 422 588; x_wconf 90' lang='lat' dir='ltr'>Paridis</span> <span class='ocrx_word' id='word_1_29' title='bbox 437 529 550 588; x_wconf 84' lang='lat' dir='ltr'>direxti</span> <span class='ocrx_word' id='word_1_30' title='bbox 564 531 625 589; x_wconf 93' lang='lat' dir='ltr'>tela</span> <span class='ocrx_word' id='word_1_31' title='bbox 638 545 810 603; x_wconf 90' lang='lat' dir='ltr'>manusque</span> 
     </span>
    </p>

    <p class='ocr_par' dir='ltr' id='par_1_3' title="bbox 57 613 839 690">
     <span class='ocr_line' id='line_1_6' title="bbox 57 613 839 690; baseline -0.004 -16"><span class='ocrx_word' id='word_1_32' title='bbox 57 617 196 690; x_wconf 79' lang='lat' dir='ltr'>„Corpus</span> <span class='ocrx_word' id='word_1_33' title='bbox 211 615 242 673; x_wconf 92' lang='lat' dir='ltr'>in</span> <span class='ocrx_word' id='word_1_34' title='bbox 256 613 421 685; x_wconf 82' lang='lat' dir='ltr'>Aeacidae,</span> <span class='ocrx_word' id='word_1_35' title='bbox 438 629 565 687; x_wconf 83' lang='lat' dir='ltr'>magnas</span> <span class='ocrx_word' id='word_1_36' title='bbox 582 614 727 674; x_wconf 87' lang='lat' dir='ltr'>obeuntia</span> <span class='ocrx_word' id='word_1_37' title='bbox 741 621 839 673; x_wconf 88' lang='lat' dir='ltr'>terras</span> 
     </span>
    </p>

    <p class='ocr_par' dir='ltr' id='par_1_4' title="bbox 56 697 1016 941">
     <span class='ocr_line' id='line_1_7' title="bbox 57 697 871 773; baseline -0.001 -15"><span class='ocrx_word' id='word_1_38' title='bbox 57 700 132 773; x_wconf 83' lang='lat' dir='ltr'>„Tot</span> <span class='ocrx_word' id='word_1_39' title='bbox 146 698 242 756; x_wconf 88' lang='lat' dir='ltr'>maria</span> <span class='ocrx_word' id='word_1_40' title='bbox 256 697 366 756; x_wconf 82' lang='lat' dir='ltr'>intravi</span> <span class='ocrx_word' id='word_1_41' title='bbox 382 698 462 756; x_wconf 88' lang='lat' dir='ltr'>duce</span> <span class='ocrx_word' id='word_1_42' title='bbox 475 705 514 771; x_wconf 87' lang='lat' dir='ltr'>te,</span> <span class='ocrx_word' id='word_1_43' title='bbox 528 698 713 772; x_wconf 85' lang='lat' dir='ltr'>penitusque</span> <span class='ocrx_word' id='word_1_44' title='bbox 728 705 871 771; x_wconf 88' lang='lat' dir='ltr'>repostas</span> 
     </span>
     <span class='ocr_line' id='line_1_8' title="bbox 56 781 1016 859; baseline 0.002 -17"><span class='ocrx_word' id='word_1_45' title='bbox 56 783 248 859; x_wconf 75' lang='lat' dir='ltr'>„Massylam</span> <span class='ocrx_word' id='word_1_46' title='bbox 263 788 369 856; x_wconf 82' lang='lat' dir='ltr'>gentes</span> <span class='ocrx_word' id='word_1_47' title='bbox 384 788 605 856; x_wconf 89' lang='lat' dir='ltr'>praetentaque</span> <span class='ocrx_word' id='word_1_48' title='bbox 621 781 764 857; x_wconf 85' lang='lat' dir='ltr'>Syrtibus</span> <span class='ocrx_word' id='word_1_49' title='bbox 779 797 871 850; x_wconf 84' lang='lat' dir='ltr'>arva;</span> <span class='ocrx_word' id='word_1_50' title='bbox 979 787 1016 844; x_wconf 82' lang='lat'>60</span> 
     </span>
     <span class='ocr_line' id='line_1_9' title="bbox 56 865 851 941; baseline -0.008 -15"><span class='ocrx_word' id='word_1_51' title='bbox 56 869 141 941; x_wconf 83' lang='lat' dir='ltr'>„Iam</span> <span class='ocrx_word' id='word_1_52' title='bbox 154 867 278 925; x_wconf 90' lang='lat' dir='ltr'>tandem</span> <span class='ocrx_word' id='word_1_53' title='bbox 292 866 396 925; x_wconf 89' lang='lat' dir='ltr'>ltaliae</span> <span class='ocrx_word' id='word_1_54' title='bbox 411 865 554 940; x_wconf 76' lang='lat' dir='ltr'>fugientis</span> <span class='ocrx_word' id='word_1_55' title='bbox 568 865 747 941; x_wconf 89' lang='lat' dir='ltr'>prendimus</span> <span class='ocrx_word' id='word_1_56' title='bbox 763 881 851 925; x_wconf 79' lang='lat' dir='ltr'>oras=</span> 
     </span>
    </p>

    <p class='ocr_par' dir='ltr' id='par_1_5' title="bbox 54 950 767 1025">
     <span class='ocr_line' id='line_1_10' title="bbox 54 950 767 1025; baseline -0.004 -14"><span class='ocrx_word' id='word_1_57' title='bbox 54 953 141 1025; x_wconf 86' lang='lat' dir='ltr'>„Hac</span> <span class='ocrx_word' id='word_1_58' title='bbox 155 952 287 1011; x_wconf 87' lang='lat' dir='ltr'>Troiana</span> <span class='ocrx_word' id='word_1_59' title='bbox 300 957 390 1010; x_wconf 91' lang='lat' dir='ltr'>tenus</span> <span class='ocrx_word' id='word_1_60' title='bbox 405 950 495 1009; x_wconf 86' lang='lat' dir='ltr'>fuerit</span> <span class='ocrx_word' id='word_1_61' title='bbox 509 950 632 1011; x_wconf 88' lang='lat' dir='ltr'>iortuna</span> <span class='ocrx_word' id='word_1_62' title='bbox 646 956 767 1009; x_wconf 85' lang='lat' dir='ltr'>secuta!</span> 
     </span>
    </p>

    <p class='ocr_par' dir='ltr' id='par_1_6' title="bbox 55 1033 1015 1361">
     <span class='ocr_line' id='line_1_11' title="bbox 55 1033 928 1109; baseline -0.001 -16"><span class='ocrx_word' id='word_1_63' title='bbox 55 1037 141 1109; x_wconf 85' lang='lat' dir='ltr'>„Vos</span> <span class='ocrx_word' id='word_1_64' title='bbox 158 1036 283 1109; x_wconf 90' lang='lat' dir='ltr'>quoque</span> <span class='ocrx_word' id='word_1_65' title='bbox 296 1033 482 1108; x_wconf 79' lang='lat' dir='ltr'>Pergameae</span> <span class='ocrx_word' id='word_1_66' title='bbox 496 1034 557 1097; x_wconf 83' lang='lat' dir='ltr'>imn</span> <span class='ocrx_word' id='word_1_67' title='bbox 568 1035 616 1094; x_wconf 83' lang='lat' dir='ltr'>ias</span> <span class='ocrx_word' id='word_1_68' title='bbox 631 1040 680 1095; x_wconf 88' lang='lat' dir='ltr'>est</span> <span class='ocrx_word' id='word_1_69' title='bbox 693 1048 823 1108; x_wconf 86' lang='lat' dir='ltr'>parcere</span> <span class='ocrx_word' id='word_1_70' title='bbox 836 1034 928 1108; x_wconf 82' lang='lat' dir='ltr'>genti,</span> 
     </span>
     <span class='ocr_line' id='line_1_12' title="bbox 55 1117 987 1194; baseline -0.001 -16"><span class='ocrx_word' id='word_1_71' title='bbox 55 1117 175 1194; x_wconf 86' lang='lat' dir='ltr'>„Dique</span> <span class='ocrx_word' id='word_1_72' title='bbox 191 1121 330 1193; x_wconf 84' lang='lat' dir='ltr'>deaeque</span> <span class='ocrx_word' id='word_1_73' title='bbox 345 1135 462 1191; x_wconf 92' lang='lat' dir='ltr'>omnes,</span> <span class='ocrx_word' id='word_1_74' title='bbox 479 1118 590 1192; x_wconf 91' lang='lat' dir='ltr'>quibus</span> <span class='ocrx_word' id='word_1_75' title='bbox 606 1118 722 1178; x_wconf 91' lang='lat' dir='ltr'>obstitit</span> <span class='ocrx_word' id='word_1_76' title='bbox 734 1118 822 1177; x_wconf 89' lang='lat' dir='ltr'>Ilium</span> <span class='ocrx_word' id='word_1_77' title='bbox 836 1124 867 1177; x_wconf 89' lang='lat' dir='ltr'>ct</span> <span class='ocrx_word' id='word_1_78' title='bbox 880 1119 987 1193; x_wconf 83' lang='lat' dir='ltr'>ingens</span> 
     </span>
     <span class='ocr_line' id='line_1_13' title="bbox 56 1203 1015 1277; baseline 0.004 -16"><span class='ocrx_word' id='word_1_79' title='bbox 56 1203 180 1277; x_wconf 87' lang='lat' dir='ltr'>„Gloria</span> <span class='ocrx_word' id='word_1_80' title='bbox 194 1203 377 1261; x_wconf 81' lang='lat' dir='ltr'>Dardaniae.</span> <span class='ocrx_word' id='word_1_81' title='bbox 405 1204 521 1276; x_wconf 85' lang='lat' dir='ltr'>Tuque,</span> <span class='ocrx_word' id='word_1_82' title='bbox 537 1218 555 1261; x_wconf 96' lang='lat' dir='ltr'>o</span> <span class='ocrx_word' id='word_1_83' title='bbox 572 1203 768 1262; x_wconf 88' lang='lat' dir='ltr'>sanctissima</span> <span class='ocrx_word' id='word_1_84' title='bbox 781 1209 879 1275; x_wconf 73' lang='lat' dir='ltr'>natea,</span> <span class='ocrx_word' id='word_1_85' title='bbox 979 1210 1015 1265; x_wconf 83' lang='lat'>65</span> 
     </span>
     <span class='ocr_line' id='line_1_14' title="bbox 55 1286 769 1361; baseline 0 -16"><span class='ocrx_word' id='word_1_86' title='bbox 55 1287 218 1361; x_wconf 86' lang='lat' dir='ltr'>„Praescia</span> <span class='ocrx_word' id='word_1_87' title='bbox 232 1287 360 1358; x_wconf 84' lang='lat' dir='ltr'>venturi,</span> <span class='ocrx_word' id='word_1_88' title='bbox 377 1286 507 1344; x_wconf 71' lang='lat' dir='ltr'>dar-non</span> <span class='ocrx_word' id='word_1_89' title='bbox 521 1286 657 1345; x_wconf 87' lang='lat' dir='ltr'>indebita</span> <span class='ocrx_word' id='word_1_90' title='bbox 672 1302 769 1361; x_wconf 87' lang='lat' dir='ltr'>posco</span> 
     </span>
    </p>

    <p class='ocr_par' dir='ltr' id='par_1_7' title="bbox 55 1369 835 1529">
     <span class='ocr_line' id='line_1_15' title="bbox 55 1369 804 1445; baseline -0.003 -14"><span class='ocrx_word' id='word_1_91' title='bbox 55 1372 182 1445; x_wconf 82' lang='lat' dir='ltr'>„Regna</span> <span class='ocrx_word' id='word_1_92' title='bbox 197 1370 273 1428; x_wconf 86' lang='lat' dir='ltr'>meis</span> <span class='ocrx_word' id='word_1_93' title='bbox 291 1369 474 1427; x_wconf 85' lang='lat' dir='ltr'>fatis-Latio</span> <span class='ocrx_word' id='word_1_94' title='bbox 490 1369 655 1428; x_wconf 88' lang='lat' dir='ltr'>considere</span> <span class='ocrx_word' id='word_1_95' title='bbox 669 1370 804 1429; x_wconf 90' lang='lat' dir='ltr'>Teucros</span> 
     </span>
     <span class='ocr_line' id='line_1_16' title="bbox 57 1452 835 1529; baseline -0.001 -18"><span class='ocrx_word' id='word_1_96' title='bbox 57 1455 283 1529; x_wconf 83' lang='lat' dir='ltr'>„Errantesque</span> <span class='ocrx_word' id='word_1_97' title='bbox 297 1452 375 1511; x_wconf 89' lang='lat' dir='ltr'>deos</span> <span class='ocrx_word' id='word_1_98' title='bbox 392 1452 565 1525; x_wconf 83' lang='lat' dir='ltr'>agitataque</span> <span class='ocrx_word' id='word_1_99' title='bbox 579 1453 702 1511; x_wconf 94' lang='lat' dir='ltr'>numina</span> <span class='ocrx_word' id='word_1_100' title='bbox 717 1454 835 1511; x_wconf 81' lang='lat' dir='ltr'>Troiae.</span> 
     </span>
    </p>

    <p class='ocr_par' dir='ltr' id='par_1_8' title="bbox 55 1535 1015 1863">
     <span class='ocr_line' id='line_1_17' title="bbox 56 1535 965 1610; baseline 0 -16"><span class='ocrx_word' id='word_1_101' title='bbox 56 1539 152 1610; x_wconf 90' lang='lat' dir='ltr'>‚,Tum</span> <span class='ocrx_word' id='word_1_102' title='bbox 166 1535 290 1594; x_wconf 87' lang='lat' dir='ltr'>Phoebo</span> <span class='ocrx_word' id='word_1_103' title='bbox 307 1543 337 1593; x_wconf 84' lang='lat' dir='ltr'>et</span> <span class='ocrx_word' id='word_1_104' title='bbox 350 1536 468 1594; x_wconf 87' lang='lat' dir='ltr'>Triuiae</span> <span class='ocrx_word' id='word_1_105' title='bbox 484 1535 584 1595; x_wconf 92' lang='lat' dir='ltr'>solido</span> <span class='ocrx_word' id='word_1_106' title='bbox 601 1535 640 1594; x_wconf 90' lang='lat' dir='ltr'>de</span> <span class='ocrx_word' id='word_1_107' title='bbox 655 1552 806 1595; x_wconf 89' lang='lat' dir='ltr'>marmore</span> <span class='ocrx_word' id='word_1_108' title='bbox 821 1537 965 1610; x_wconf 89' lang='lat' dir='ltr'>templum</span> 
     </span>
     <span class='ocr_line' id='line_1_18' title="bbox 57 1618 1015 1694; baseline 0.002 -16"><span class='ocrx_word' id='word_1_109' title='bbox 57 1620 236 1694; x_wconf 85' lang='lat' dir='ltr'>„lustituam</span> <span class='ocrx_word' id='word_1_110' title='bbox 250 1620 411 1694; x_wconf 83' lang='lat' dir='ltr'>festosque</span> <span class='ocrx_word' id='word_1_111' title='bbox 426 1620 493 1678; x_wconf 88' lang='lat' dir='ltr'>dies</span> <span class='ocrx_word' id='word_1_112' title='bbox 509 1619 548 1677; x_wconf 89' lang='lat' dir='ltr'>de</span> <span class='ocrx_word' id='word_1_113' title='bbox 563 1620 685 1677; x_wconf 90' lang='lat' dir='ltr'>nomine</span> <span class='ocrx_word' id='word_1_114' title='bbox 699 1618 825 1679; x_wconf 86' lang='lat' dir='ltr'>Phoebi.</span> <span class='ocrx_word' id='word_1_115' title='bbox 980 1626 1015 1682; x_wconf 80' lang='lat' dir='ltr'>io</span> 
     </span>
     <span class='ocr_line' id='line_1_19' title="bbox 56 1690 964 1779; baseline -0.004 -18"><span class='ocrx_word' id='word_1_116' title='bbox 56 1705 118 1779; x_wconf 82' lang='lat' dir='ltr'>„Te</span> <span class='ocrx_word' id='word_1_117' title='bbox 134 1718 257 1777; x_wconf 90' lang='lat' dir='ltr'>quoque</span> <span class='ocrx_word' id='word_1_118' title='bbox 272 1719 382 1777; x_wconf 77' lang='lat' dir='ltr'>magna</span> <span class='ocrx_word' id='word_1_119' title='bbox 396 1711 519 1762; x_wconf 89' lang='lat' dir='ltr'>manent</span> <span class='ocrx_word' id='word_1_120' title='bbox 532 1703 635 1777; x_wconf 82' lang='lat' dir='ltr'>regnis</span> <span class='ocrx_word' id='word_1_121' title='bbox 651 1690 820 1778; x_wconf 75' lang='lat' dir='ltr'>perneualia</span> <span class='ocrx_word' id='word_1_122' title='bbox 835 1703 964 1763; x_wconf 86' lang='lat' dir='ltr'>nostris:</span> 
     </span>
     <span class='ocr_line' id='line_1_20' title="bbox 55 1788 828 1863; baseline -0.001 -16"><span class='ocrx_word' id='word_1_123' title='bbox 55 1789 133 1863; x_wconf 89' lang='lat' dir='ltr'>„Hic</span> <span class='ocrx_word' id='word_1_124' title='bbox 149 1802 206 1862; x_wconf 81' lang='lat' dir='ltr'>ego</span> <span class='ocrx_word' id='word_1_125' title='bbox 222 1803 355 1862; x_wconf 90' lang='lat' dir='ltr'>namque</span> <span class='ocrx_word' id='word_1_126' title='bbox 369 1794 438 1847; x_wconf 90' lang='lat' dir='ltr'>tuas</span> <span class='ocrx_word' id='word_1_127' title='bbox 453 1794 552 1848; x_wconf 88' lang='lat' dir='ltr'>sortes</span> <span class='ocrx_word' id='word_1_128' title='bbox 568 1802 742 1861; x_wconf 88' lang='lat' dir='ltr'>arcanaque</span> <span class='ocrx_word' id='word_1_129' title='bbox 757 1788 828 1858; x_wconf 85' lang='lat' dir='ltr'>fata,</span> 
     </span>
    </p>

    <p class='ocr_par' dir='ltr' id='par_1_9' title="bbox 56 1871 839 1948">
     <span class='ocr_line' id='line_1_21' title="bbox 56 1871 839 1948; baseline -0.004 -16"><span class='ocrx_word' id='word_1_130' title='bbox 56 1874 164 1948; x_wconf 86' lang='lat' dir='ltr'>„Dicta</span> <span class='ocrx_word' id='word_1_131' title='bbox 178 1888 266 1930; x_wconf 80' lang='lat' dir='ltr'>nacae</span> <span class='ocrx_word' id='word_1_132' title='bbox 280 1871 371 1946; x_wconf 78' lang='lat' dir='ltr'>genti,</span> <span class='ocrx_word' id='word_1_133' title='bbox 385 1887 507 1947; x_wconf 89' lang='lat' dir='ltr'>ponam,</span> <span class='ocrx_word' id='word_1_134' title='bbox 523 1872 683 1947; x_wconf 89' lang='lat' dir='ltr'>lectosque</span> <span class='ocrx_word' id='word_1_135' title='bbox 698 1871 839 1944; x_wconf 85' lang='lat' dir='ltr'>sacrabo,</span> 
     </span>
    </p>

    <p class='ocr_par' dir='ltr' id='par_1_10' title="bbox 55 1955 878 2033">
     <span class='ocr_line' id='line_1_22' title="bbox 55 1955 878 2033; baseline -0.001 -18"><span class='ocrx_word' id='word_1_136' title='bbox 55 1958 174 2033; x_wconf 70' lang='lat' dir='ltr'>„Alma</span> <span class='ocrx_word' id='word_1_137' title='bbox 191 1957 286 2017; x_wconf 89' lang='lat' dir='ltr'>viros.</span> <span class='ocrx_word' id='word_1_138' title='bbox 314 1956 409 2016; x_wconf 86' lang='lat' dir='ltr'>Foliis</span> <span class='ocrx_word' id='word_1_139' title='bbox 424 1963 539 2017; x_wconf 84' lang='lat' dir='ltr'>tantum</span> <span class='ocrx_word' id='word_1_140' title='bbox 554 1971 593 2014; x_wconf 94' lang='lat' dir='ltr'>ne</span> <span class='ocrx_word' id='word_1_141' title='bbox 608 1956 743 2015; x_wconf 88' lang='lat' dir='ltr'>carmina</span> <span class='ocrx_word' id='word_1_142' title='bbox 757 1955 878 2028; x_wconf 86' lang='lat' dir='ltr'>manda,</span> 
     </span>
    </p>

    <p class='ocr_par' dir='ltr' id='par_1_11' title="bbox 56 2039 1014 2201">
     <span class='ocr_line' id='line_1_23' title="bbox 56 2039 1014 2116; baseline 0.001 -16"><span class='ocrx_word' id='word_1_143' title='bbox 56 2043 120 2116; x_wconf 88' lang='lat' dir='ltr'>„Ne</span> <span class='ocrx_word' id='word_1_144' title='bbox 134 2040 255 2100; x_wconf 89' lang='lat' dir='ltr'>turbata</span> <span class='ocrx_word' id='word_1_145' title='bbox 269 2042 374 2100; x_wconf 89' lang='lat' dir='ltr'>volent</span> <span class='ocrx_word' id='word_1_146' title='bbox 394 2041 512 2116; x_wconf 88' lang='lat' dir='ltr'>rapidis</span> <span class='ocrx_word' id='word_1_147' title='bbox 527 2039 660 2099; x_wconf 89' lang='lat' dir='ltr'>ludibria</span> <span class='ocrx_word' id='word_1_148' title='bbox 673 2040 790 2110; x_wconf 81' lang='lat' dir='ltr'>ventis3</span> <span class='ocrx_word' id='word_1_149' title='bbox 980 2046 1014 2101; x_wconf 80' lang='lat'>75</span> 
     </span>
     <span class='ocr_line' id='line_1_24' title="bbox 56 2124 834 2201; baseline -0.004 -17"><span class='ocrx_word' id='word_1_150' title='bbox 56 2128 149 2201; x_wconf 84' lang='lat' dir='ltr'>„ipsa</span> <span class='ocrx_word' id='word_1_151' title='bbox 164 2141 257 2184; x_wconf 91' lang='lat' dir='ltr'>canas</span> <span class='ocrx_word' id='word_1_152' title='bbox 274 2131 347 2185; x_wconf 91' lang='lat' dir='ltr'>oro“</span> <span class='ocrx_word' id='word_1_153' title='bbox 391 2124 496 2184; x_wconf 88' lang='lat' dir='ltr'>Finem</span> <span class='ocrx_word' id='word_1_154' title='bbox 510 2125 595 2184; x_wconf 86' lang='lat' dir='ltr'>dedit</span> <span class='ocrx_word' id='word_1_155' title='bbox 609 2140 664 2183; x_wconf 89' lang='lat' dir='ltr'>ore</span> <span class='ocrx_word' id='word_1_156' title='bbox 677 2124 834 2199; x_wconf 89' lang='lat' dir='ltr'>loquendi.</span> 
     </span>
    </p>

    <p class='ocr_par' dir='ltr' id='par_1_12' title="bbox 55 2209 837 2369">
     <span class='ocr_line' id='line_1_25' title="bbox 56 2209 837 2284; baseline 0 -15"><span class='ocrx_word' id='word_1_157' title='bbox 56 2211 105 2283; x_wconf 74' lang='lat' dir='ltr'>At</span> <span class='ocrx_word' id='word_1_158' title='bbox 119 2209 235 2268; x_wconf 87' lang='lat' dir='ltr'>Phoebi</span> <span class='ocrx_word' id='word_1_159' title='bbox 249 2210 386 2271; x_wconf 92' lang='lat' dir='ltr'>noudum</span> <span class='ocrx_word' id='word_1_160' title='bbox 399 2210 531 2284; x_wconf 70' lang='lat' dir='ltr'>patiens</span> <span class='ocrx_word' id='word_1_161' title='bbox 547 2209 688 2268; x_wconf 90' lang='lat' dir='ltr'>immanis</span> <span class='ocrx_word' id='word_1_162' title='bbox 704 2210 735 2267; x_wconf 97' lang='lat' dir='ltr'>in</span> <span class='ocrx_word' id='word_1_163' title='bbox 749 2217 837 2269; x_wconf 90' lang='lat' dir='ltr'>antro</span> 
     </span>
     <span class='ocr_line' id='line_1_26' title="bbox 55 2293 791 2369; baseline 0 -17"><span class='ocrx_word' id='word_1_164' title='bbox 55 2293 226 2352; x_wconf 86' lang='lat' dir='ltr'>Bacchatur</span> <span class='ocrx_word' id='word_1_165' title='bbox 240 2301 337 2369; x_wconf 89' lang='lat' dir='ltr'>vates,</span> <span class='ocrx_word' id='word_1_166' title='bbox 353 2310 495 2368; x_wconf 81' lang='lat' dir='ltr'>magnum</span> <span class='ocrx_word' id='word_1_167' title='bbox 511 2294 536 2353; x_wconf 93' lang='lat' dir='ltr'>si</span> <span class='ocrx_word' id='word_1_168' title='bbox 550 2300 676 2369; x_wconf 86' lang='lat' dir='ltr'>pectore</span> <span class='ocrx_word' id='word_1_169' title='bbox 690 2293 791 2368; x_wconf 92' lang='lat' dir='ltr'>possit</span> 
     </span>
    </p>

    <p class='ocr_par' dir='ltr' id='par_1_13' title="bbox 56 2377 769 2452">
     <span class='ocr_line' id='line_1_27' title="bbox 56 2377 769 2452; baseline 0.001 -18"><span class='ocrx_word' id='word_1_170' title='bbox 56 2377 243 2435; x_wconf 86' lang='lat' dir='ltr'>Excussisse</span> <span class='ocrx_word' id='word_1_171' title='bbox 258 2378 364 2438; x_wconf 82' lang='lat' dir='ltr'>deum:</span> <span class='ocrx_word' id='word_1_172' title='bbox 387 2386 471 2438; x_wconf 88' lang='lat' dir='ltr'>tanto</span> <span class='ocrx_word' id='word_1_173' title='bbox 485 2378 584 2452; x_wconf 80' lang='lat' dir='ltr'>magis</span> <span class='ocrx_word' id='word_1_174' title='bbox 598 2378 648 2437; x_wconf 85' lang='lat' dir='ltr'>iiie</span> <span class='ocrx_word' id='word_1_175' title='bbox 663 2377 769 2452; x_wconf 80' lang='lat' dir='ltr'>fatigat</span> 
     </span>
    </p>

    <p class='ocr_par' dir='ltr' id='par_1_14' title="bbox 58 2456 1015 2620">
     <span class='ocr_line' id='line_1_28' title="bbox 59 2456 1015 2536; baseline 0.006 -17"><span class='ocrx_word' id='word_1_176' title='bbox 59 2459 101 2519; x_wconf 89' lang='lat' dir='ltr'>Os</span> <span class='ocrx_word' id='word_1_177' title='bbox 116 2456 265 2533; x_wconf 88' lang='lat' dir='ltr'>rabidum,</span> <span class='ocrx_word' id='word_1_178' title='bbox 281 2462 346 2519; x_wconf 84' lang='lat' dir='ltr'>sera</span> <span class='ocrx_word' id='word_1_179' title='bbox 357 2462 454 2523; x_wconf 88' lang='lat' dir='ltr'>corda</span> <span class='ocrx_word' id='word_1_180' title='bbox 469 2463 608 2536; x_wconf 87' lang='lat' dir='ltr'>domans,</span> <span class='ocrx_word' id='word_1_181' title='bbox 624 2461 771 2536; x_wconf 85' lang='lat' dir='ltr'>fingitque</span> <span class='ocrx_word' id='word_1_182' title='bbox 786 2460 964 2536; x_wconf 85' lang='lat' dir='ltr'>premendo·</span> <span class='ocrx_word' id='word_1_183' title='bbox 979 2468 1015 2525; x_wconf 83' lang='grc'>80</span> 
     </span>
     <span class='ocr_line' id='line_1_29' title="bbox 58 2543 833 2620; baseline 0.004 -18"><span class='ocrx_word' id='word_1_184' title='bbox 58 2543 143 2602; x_wconf 88' lang='lat' dir='ltr'>Ostia</span> <span class='ocrx_word' id='word_1_185' title='bbox 159 2543 281 2616; x_wconf 90' lang='lat' dir='ltr'>iamque</span> <span class='ocrx_word' id='word_1_186' title='bbox 296 2545 405 2604; x_wconf 92' lang='lat' dir='ltr'>domus</span> <span class='ocrx_word' id='word_1_187' title='bbox 421 2554 549 2620; x_wconf 90' lang='lat' dir='ltr'>patuere</span> <span class='ocrx_word' id='word_1_188' title='bbox 563 2546 696 2620; x_wconf 78' lang='lat' dir='ltr'>ingentia</span> <span class='ocrx_word' id='word_1_189' title='bbox 711 2553 833 2605; x_wconf 89' lang='lat' dir='ltr'>centum</span> 
     </span>
    </p>

    <p class='ocr_par' dir='ltr' id='par_1_15' title="bbox 57 2628 886 2705">
     <span class='ocr_line' id='line_1_30' title="bbox 57 2628 886 2705; baseline -0.005 -17"><span class='ocrx_word' id='word_1_190' title='bbox 57 2628 175 2703; x_wconf 89' lang='lat' dir='ltr'>Sponte</span> <span class='ocrx_word' id='word_1_191' title='bbox 190 2644 255 2699; x_wconf 76' lang='lat' dir='ltr'>sua</span> <span class='ocrx_word' id='word_1_192' title='bbox 271 2630 414 2703; x_wconf 88' lang='lat' dir='ltr'>vatisque</span> <span class='ocrx_word' id='word_1_193' title='bbox 429 2630 527 2689; x_wconf 87' lang='lat' dir='ltr'>ierunt</span> <span class='ocrx_word' id='word_1_194' title='bbox 541 2645 695 2705; x_wconf 83' lang='lat' dir='ltr'>responsa</span> <span class='ocrx_word' id='word_1_195' title='bbox 711 2646 766 2704; x_wconf 90' lang='lat' dir='ltr'>per</span> <span class='ocrx_word' id='word_1_196' title='bbox 780 2646 886 2690; x_wconf 77' lang='lat' dir='ltr'>auras:</span> 
     </span>
    </p>

    <p class='ocr_par' dir='ltr' id='par_1_16' title="bbox 57 2712 810 2789">
     <span class='ocr_line' id='line_1_31' title="bbox 57 2712 810 2789; baseline 0.003 -18"><span class='ocrx_word' id='word_1_197' title='bbox 57 2713 101 2787; x_wconf 82' lang='lat'>„0</span> <span class='ocrx_word' id='word_1_198' title='bbox 117 2712 241 2771; x_wconf 89' lang='lat' dir='ltr'>tandem</span> <span class='ocrx_word' id='word_1_199' title='bbox 256 2712 375 2786; x_wconf 80' lang='lat' dir='ltr'>maguis</span> <span class='ocrx_word' id='word_1_200' title='bbox 389 2715 491 2789; x_wconf 80' lang='lat' dir='ltr'>pelagi</span> <span class='ocrx_word' id='word_1_201' title='bbox 507 2714 651 2773; x_wconf 82' lang='lat' dir='ltr'>defuncte</span> <span class='ocrx_word' id='word_1_202' title='bbox 665 2714 810 2789; x_wconf 87' lang='lat' dir='ltr'>periclis-</span> 
     </span>
    </p>

    <p class='ocr_par' dir='ltr' id='par_1_17' title="bbox 56 2796 1048 3126">
     <span class='ocr_line' id='line_1_32' title="bbox 56 2796 869 2872; baseline 0.004 -18"><span class='ocrx_word' id='word_1_203' title='bbox 56 2797 141 2871; x_wconf 82' lang='lat' dir='ltr'>„Sed</span> <span class='ocrx_word' id='word_1_204' title='bbox 155 2803 256 2855; x_wconf 87' lang='lat' dir='ltr'>terrae</span> <span class='ocrx_word' id='word_1_205' title='bbox 270 2797 415 2871; x_wconf 85' lang='lat' dir='ltr'>graviora</span> <span class='ocrx_word' id='word_1_206' title='bbox 427 2805 586 2871; x_wconf 67' lang='lat' dir='ltr'>manent,</span> <span class='ocrx_word' id='word_1_207' title='bbox 608 2798 639 2856; x_wconf 93' lang='lat' dir='ltr'>in</span> <span class='ocrx_word' id='word_1_208' title='bbox 653 2814 750 2872; x_wconf 83' lang='lat' dir='ltr'>regna</span> <span class='ocrx_word' id='word_1_209' title='bbox 762 2796 869 2857; x_wconf 86' lang='lat' dir='ltr'>Lavini</span> 
     </span>
     <span class='ocr_line' id='line_1_33' title="bbox 57 2880 1014 2956; baseline 0.005 -18"><span class='ocrx_word' id='word_1_210' title='bbox 57 2880 274 2953; x_wconf 84' lang='lat' dir='ltr'>„Dardanidae</span> <span class='ocrx_word' id='word_1_211' title='bbox 289 2882 427 2940; x_wconf 86' lang='lat' dir='ltr'>venient:</span> <span class='ocrx_word' id='word_1_212' title='bbox 449 2883 533 2941; x_wconf 87' lang='lat' dir='ltr'>mitte</span> <span class='ocrx_word' id='word_1_213' title='bbox 548 2882 627 2941; x_wconf 88' lang='lat' dir='ltr'>hanc</span> <span class='ocrx_word' id='word_1_214' title='bbox 643 2882 682 2940; x_wconf 90' lang='lat' dir='ltr'>de</span> <span class='ocrx_word' id='word_1_215' title='bbox 696 2889 823 2956; x_wconf 88' lang='lat' dir='ltr'>pectore</span> <span class='ocrx_word' id='word_1_216' title='bbox 838 2896 958 2949; x_wconf 88' lang='lat' dir='ltr'>curam;</span> <span class='ocrx_word' id='word_1_217' title='bbox 979 2886 1014 2943; x_wconf 85' lang='lat'>85</span> 
     </span>
     <span class='ocr_line' id='line_1_34' title="bbox 56 2958 1048 3038; baseline 0.002 -17"><span class='ocrx_word' id='word_1_218' title='bbox 56 2964 141 3038; x_wconf 84' lang='lat' dir='ltr'>„Sed</span> <span class='ocrx_word' id='word_1_219' title='bbox 156 2980 217 3023; x_wconf 93' lang='lat' dir='ltr'>non</span> <span class='ocrx_word' id='word_1_220' title='bbox 234 2972 263 3024; x_wconf 89' lang='lat' dir='ltr'>et</span> <span class='ocrx_word' id='word_1_221' title='bbox 277 2966 404 3025; x_wconf 90' lang='lat' dir='ltr'>venisse</span> <span class='ocrx_word' id='word_1_222' title='bbox 418 2966 532 3025; x_wconf 86' lang='lat' dir='ltr'>volent.</span> <span class='ocrx_word' id='word_1_223' title='bbox 561 2966 656 3037; x_wconf 86' lang='lat' dir='ltr'>Bella,</span> <span class='ocrx_word' id='word_1_224' title='bbox 679 2965 805 3024; x_wconf 91' lang='lat' dir='ltr'>horrida</span> <span class='ocrx_word' id='word_1_225' title='bbox 818 2963 908 3030; x_wconf 88' lang='lat' dir='ltr'>bella,</span> <span class='ocrx_word' id='word_1_226' title='bbox 1044 2958 1048 2969; x_wconf 71' lang='grc'><em>“</em></span> 
     </span>
     <span class='ocr_line' id='line_1_35' title="bbox 57 3047 874 3126; baseline -0.002 -19"><span class='ocrx_word' id='word_1_227' title='bbox 57 3049 116 3122; x_wconf 84' lang='lat' dir='ltr'>„Et</span> <span class='ocrx_word' id='word_1_228' title='bbox 129 3047 274 3124; x_wconf 84' lang='lat' dir='ltr'>Thybrim</span> <span class='ocrx_word' id='word_1_229' title='bbox 288 3053 382 3111; x_wconf 90' lang='lat' dir='ltr'>multo</span> <span class='ocrx_word' id='word_1_230' title='bbox 400 3056 593 3126; x_wconf 88' lang='lat' dir='ltr'>spumantem</span> <span class='ocrx_word' id='word_1_231' title='bbox 608 3049 757 3123; x_wconf 82' lang='lat' dir='ltr'>sanguine</span> <span class='ocrx_word' id='word_1_232' title='bbox 772 3062 874 3107; x_wconf 89' lang='lat' dir='ltr'>cerno.</span> 
     </span>
    </p>

    <p class='ocr_par' dir='ltr' id='par_1_18' title="bbox 56 3130 1043 3467">
     <span class='ocr_line' id='line_1_36' title="bbox 56 3130 879 3207; baseline -0.001 -17"><span class='ocrx_word' id='word_1_233' title='bbox 56 3132 143 3207; x_wconf 85' lang='lat' dir='ltr'>„Non</span> <span class='ocrx_word' id='word_1_234' title='bbox 160 3130 272 3192; x_wconf 87' lang='lat' dir='ltr'>Simois</span> <span class='ocrx_word' id='word_1_235' title='bbox 286 3132 339 3192; x_wconf 90' lang='lat' dir='ltr'>tibi</span> <span class='ocrx_word' id='word_1_236' title='bbox 355 3151 412 3193; x_wconf 87' lang='lat' dir='ltr'>nec</span> <span class='ocrx_word' id='word_1_237' title='bbox 425 3134 564 3194; x_wconf 90' lang='lat' dir='ltr'>Xanthus</span> <span class='ocrx_word' id='word_1_238' title='bbox 579 3149 637 3192; x_wconf 88' lang='lat' dir='ltr'>nec</span> <span class='ocrx_word' id='word_1_239' title='bbox 650 3134 763 3193; x_wconf 91' lang='lat' dir='ltr'>Dorica</span> <span class='ocrx_word' id='word_1_240' title='bbox 777 3137 879 3191; x_wconf 88' lang='lat' dir='ltr'>castra</span> 
     </span>
     <span class='ocr_line' id='line_1_37' title="bbox 56 3216 1040 3293; baseline 0 -18"><span class='ocrx_word' id='word_1_241' title='bbox 56 3216 248 3292; x_wconf 66' lang='lat' dir='ltr'>„Defuerinm</span> <span class='ocrx_word' id='word_1_242' title='bbox 270 3217 349 3278; x_wconf 89' lang='lat' dir='ltr'>alius</span> <span class='ocrx_word' id='word_1_243' title='bbox 363 3219 449 3279; x_wconf 88' lang='lat' dir='ltr'>Latio</span> <span class='ocrx_word' id='word_1_244' title='bbox 465 3220 525 3277; x_wconf 90' lang='lat' dir='ltr'>iam</span> <span class='ocrx_word' id='word_1_245' title='bbox 539 3226 646 3293; x_wconf 87' lang='lat' dir='ltr'>partus</span> <span class='ocrx_word' id='word_1_246' title='bbox 661 3216 808 3285; x_wconf 88' lang='lat' dir='ltr'>Achilles,</span> <span class='ocrx_word' id='word_1_247' title='bbox 1037 3276 1040 3281; x_wconf 80' lang='grc'>,</span> 
     </span>
     <span class='ocr_line' id='line_1_38' title="bbox 56 3300 1043 3388; baseline -0.004 -31"><span class='ocrx_word' id='word_1_248' title='bbox 56 3300 171 3376; x_wconf 81' lang='lat' dir='ltr'>„Natus</span> <span class='ocrx_word' id='word_1_249' title='bbox 188 3306 217 3359; x_wconf 88' lang='lat' dir='ltr'>et</span> <span class='ocrx_word' id='word_1_250' title='bbox 232 3301 300 3376; x_wconf 88' lang='lat' dir='ltr'>ipse</span> <span class='ocrx_word' id='word_1_251' title='bbox 314 3302 390 3370; x_wconf 86' lang='lat' dir='ltr'>dea;</span> <span class='ocrx_word' id='word_1_252' title='bbox 413 3318 470 3363; x_wconf 93' lang='lat' dir='ltr'>nec</span> <span class='ocrx_word' id='word_1_253' title='bbox 484 3302 611 3363; x_wconf 90' lang='lat' dir='ltr'>Teucris</span> <span class='ocrx_word' id='word_1_254' title='bbox 627 3300 736 3361; x_wconf 88' lang='lat' dir='ltr'>addita</span> <span class='ocrx_word' id='word_1_255' title='bbox 744 3301 829 3359; x_wconf 79' lang='lat' dir='ltr'>tuno</span> <span class='ocrx_word' id='word_1_256' title='bbox 916 3377 924 3388; x_wconf 23' lang='lat'><strong>⁴</strong></span> <span class='ocrx_word' id='word_1_257' title='bbox 997 3302 1043 3353; x_wconf 58' lang='lat' dir='ltr'>ab</span> 
     </span>
     <span class='ocr_line' id='line_1_39' title="bbox 56 3384 954 3467; baseline 0.001 -24"><span class='ocrx_word' id='word_1_258' title='bbox 56 3385 213 3462; x_wconf 84' lang='lat' dir='ltr'>„Usquam</span> <span class='ocrx_word' id='word_1_259' title='bbox 228 3385 331 3462; x_wconf 83' lang='lat' dir='ltr'>aberit,</span> <span class='ocrx_word' id='word_1_260' title='bbox 349 3404 443 3461; x_wconf 88' lang='lat' dir='ltr'>quum</span> <span class='ocrx_word' id='word_1_261' title='bbox 459 3396 491 3451; x_wconf 92' lang='lat' dir='ltr'>tu</span> <span class='ocrx_word' id='word_1_262' title='bbox 506 3388 649 3467; x_wconf 84' lang='lat' dir='ltr'>supplex</span> <span class='ocrx_word' id='word_1_263' title='bbox 663 3387 701 3447; x_wconf 86' lang='lat' dir='ltr'>in</span> <span class='ocrx_word' id='word_1_264' title='bbox 712 3384 818 3447; x_wconf 77' lang='lat' dir='ltr'>rebus</span> <span class='ocrx_word' id='word_1_265' title='bbox 833 3393 954 3455; x_wconf 52' lang='lat' dir='ltr'>egents</span> 
     </span>
    </p>
   </div>
   <div class='ocr_carea' id='block_1_3' title="bbox 0 0 1168 3780">
    <p class='ocr_par' dir='ltr' id='par_1_19' title="bbox 0 0 1168 3780">
     <span class='ocr_line' id='line_1_40' title="bbox 0 0 1168 3780; baseline 0 0"><span class='ocrx_word' id='word_1_266' title='bbox 0 0 1168 3780; x_wconf 95' lang='lat' dir='ltr'> </span> 
     </span>
    </p>
   </div>
  </div>
 </body>
</html>
