2326 3780
113 180 177 244 266
388 178 419 236 Ρ.
441 177 603 239 vlnnltll
625 178 828 245 MARONIS

112 330 238 393 Assueti
252 330 344 404 longo
359 344 464 389 muros
479 328 649 389 defendere
664 330 772 395 bello.

114 416 197 477 Saxa
212 429 336 489 quoque
351 413 463 473 intesta
477 412 645 478 volvebant
660 418 832 495 pondere,
850 422 880 482 si
893 438 952 496 qua

111 500 243 561 Possem
256 505 368 559 tectam
381 497 479 557 aciem
491 512 715 573 perrumpere;
744 520 854 579 quum
868 512 965 567 tamen
975 522 1024 567 aaa

112 584 205 643 Ferre
219 582 302 642 iuvat
317 580 422 641 subter
435 581 532 641 densa
546 582 705 645 testudine
722 600 842 649 casus.

112 669 175 728 Nec
190 668 250 727 iam
262 666 430 727 sufficiunt=
452 680 531 741 nam,
547 682 608 739 qua
619 666 741 740 globus
754 670 909 737 imminet
918 674 1029 752 ingerat·

112 753 278 811 Immunem
291 748 398 810 Teucri
412 750 523 810 molem
536 750 735 826 volvuntque
750 765 931 836 ruuntque,

114 836 198 909 Quae
213 834 321 896 stravit
333 833 461 894 Rutulos
476 834 543 908 late,
558 848 790 913 armonrmque
804 844 943 905 resolvit

112 919 266 995 Tegmina.
300 919 363 978 Nec
378 924 485 977 curant
498 932 592 980 caeco
606 923 811 985 contendere
827 927 935 989 Marte

112 1004 253 1080 Amplius
268 1001 404 1061 audaces·
417 1001 528 1078 Rutuli,
543 1003 601 1063 sed
612 1003 733 1079 pellere
749 1010 846 1070 vallo

112 1086 280 1147 Missilibus
295 1090 419 1146 certant
1019 1101 1043 1154 ²3⁵

93 1163 200 1230 'Parte
215 1170 274 1229 alia
288 1169 458 1229 horrendus
472 1168 543 1231 visu
557 1170 729 1244 quassabat
741 1174 923 1241 Etruscam
1038 1145 1045 1242 l

112 1254 227 1327 Pinum,
243 1259 273 1313 et
287 1252 444 1313 lumileros
458 1252 547 1313 inlert
558 1254 729 1317 Mezentius
745 1258 866 1336 ignes3

112 1340 154 1397 At
166 1336 330 1413 Messapus
345 1337 458 1410 equum
473 1338 611 1410 domitor,
626 1338 786 1414 Neptunia
802 1348 928 1423 proles,
1043 1357 1046 1370 '

113 1420 272 1481 Rescindit
286 1420 398 1481 vallum
412 1426 442 1480 et
455 1421 556 1482 scalas
570 1421 602 1480 in
616 1424 740 1483 moenia
755 1430 883 1501 poscit.

154 1505 231 1577 Vos,
247 1520 266 1565 o
281 1504 426 1579 Calliope,
442 1519 560 1580 precor,
576 1504 734 1582 adspirate
750 1514 899 1589 canenti,
1022 1520 1040 1571 tt

114 1586 195 1662 Quas
211 1588 252 1647 ibi
266 1595 339 1649 tunc
353 1590 433 1648 lerro
449 1596 578 1663 strageS,
595 1606 675 1663 quae
688 1590 807 1655 lunera
821 1596 951 1661 Turnus

112 1672 258 1745 Edideril,
276 1689 366 1747 quem
382 1672 512 1746 quisque
526 1672 625 1732 vinim
640 1672 805 1737 demiserit
821 1679 928 1755 orem

113 1756 151 1816 Fa
164 1771 284 1817 meeum
297 1757 436 1831 ingentes
448 1771 519 1817 oras
534 1757 665 1817 evolvite
679 1756 772 1819 belli:

114 1840 162 1913 [Et
176 1839 354 1900 meministis
370 1840 458 1912 enim,
474 1840 573 1914 divae,
588 1847 619 1901 et
631 1854 810 1907 memorare
826 1853 987 1925 potestis]

112 1923 214 1984 Turris
228 1930 293 1985 erat
306 1930 396 1985 vasto
410 1931 557 1999 suspectu
571 1930 601 1984 et
614 1925 761 2000 pontibus
778 1931 871 2008 altis,

114 2004 292 2083 Opportuna
303 2009 388 2069 loco=
411 2008 536 2069 summis
552 2025 643 2083 quam
656 2008 777 2072 viribus
794 2029 918 2082 omnes

112 2090 297 2168 Expugnare
310 2092 376 2152 itali
391 2107 570 2169 summaque
584 2100 721 2154 evertere
736 2110 843 2171 opum
860 2103 897 2164 vi

113 2174 282 2248 certabant,
298 2177 393 2236 Troes
409 2182 515 2237 contra
528 2176 694 2237 defendere
710 2180 803 2242 saxis

112 2257 232 2333 Perque
246 2274 339 2319 cavas
354 2260 442 2320 densi
456 2260 517 2321 tela
530 2260 703 2336 intorquere
719 2261 901 2333 fenestras.

112 2340 257 2417 Princeps
272 2344 429 2404 ardentem
442 2344 572 2404 coniecit
584 2344 727 2420 lampada
737 2344 883 2427 Turnus,
1030 2358 1052 2413 'at

112 2424 150 2483 Et
162 2423 315 2486 flammam
330 2426 429 2487 affixit
442 2427 536 2502 lateri,
552 2442 631 2503 quae
644 2428 779 2503 plurima
794 2444 903 2499 vento

114 2507 263 2583 Corripuit
276 2508 395 2571 tabulas
410 2516 440 2569 et
452 2511 592 2586 postibus
606 2510 705 2572 haesit
717 2512 846 2577 adesis.

112 2590 233 2651 Turbati
247 2592 400 2666 trepidare
413 2594 503 2669 intus,
519 2595 690 2669 frustraque
704 2596 869 2663 malorum
1072 2653 1076 2660 .

112 2675 200 2735 Velle
215 2676 326 2750 lugam.
361 2674 440 2736 Dum
454 2693 489 2737 se
502 2679 678 2753 glomerant,
691 2684 849 2757 retroque
865 2690 1013 2753 residunt
1073 2661 1076 2788 4

112 2759 146 2818 ln
161 2764 286 2835 partem,
302 2774 381 2833 quae
395 2767 483 2835 peste
497 2768 594 2823 caret=
615 2767 679 2821 tum
692 2763 843 2836 pondere
860 2775 962 2837 turris
1036 2775 1063 2831 sl

111 2841 274 2906 Procubuit
288 2842 398 2917 subito,
415 2849 445 2904 et
458 2845 577 2906 coelum
589 2850 674 2905 tonat
689 2859 782 2907 omne
796 2848 938 2930 l’ragore

114 2927 293 2988 Semineces
305 2927 347 2989 ad
359 2933 479 3003 terram,
493 2928 615 2988 immani
629 2928 711 2989 mola
724 2938 852 3011 secuta,

113 3011 295 3087 Gonflxique
310 3010 374 3071 suis
388 3011 457 3071 telis
472 3018 502 3073 et
515 3020 641 3088 pectora
654 3011 732 3073 duro

110 3094 286 3157 Translossi
301 3095 382 3170 ligno
396 3096 536 3167 veniunt;
557 3096 611 3156 vix
625 3111 704 3156 unus
718 3096 867 3164 Helenor

112 3178 151 3241 ln
163 3180 266 3258 Lycus
280 3179 393 3255 elapsi:
416 3195 544 3255 quorum
558 3180 733 3255 primaevus
747 3180 909 3267 Helenor,
1037 3195 1070 3253 nti

113 3260 254 3323 Maeonio
270 3262 334 3338 regi
349 3278 439 3338 quern
453 3279 545 3325 serva
557 3262 715 3339 Licymnia
728 3264 838 3329 lurtim

115 3344 284 3407 Sustulerat
297 3346 458 3423 vetitisque
471 3347 511 3407 ad
524 3346 645 3407 Troiam
658 3347 785 3409 miserat
799 3356 919 3435 armis,

114 3428 198 3493 Ense
210 3430 287 3491 levis
301 3430 384 3491 nudo
398 3444 566 3506 pennaque
578 3429 725 3505 inglorius
740 3430 827 3497 alba.
