2326 3780
324 112 520 174 AENEIDOS
540 114 613 175 LIB.
635 115 688 175 Vl.
919 109 981 178 195

22 270 62 329 In
77 267 178 326 medio
193 268 297 326 ramos
311 282 490 341 annosaque
504 265 630 326 brachia
643 258 751 344 pandit

23 354 134 415 Ulmus
151 366 257 426 opaea,
273 351 390 425 ingens,
407 367 497 425 quam
512 350 618 410 sedem
634 350 759 429 Somnia
771 353 864 429 vulgo

23 438 120 496 Vana
133 443 236 495 tenere
252 435 358 509 ierunt,
375 436 517 510 foliisque
534 433 591 493 sub
607 435 747 495 omnibus
761 436 898 497 haerent.

20 521 184 594 Multaque
197 525 357 594 praeterea
370 519 522 577 variarum
536 527 672 578 monstra
687 520 828 594 serarum,
928 528 981 583 285

23 604 178 676 Centauri,
193 603 223 661 in
239 603 356 662 foribus
372 603 533 674 stabulant,
550 601 736 679 Scyllaeque
749 603 906 678 biformes,

19 688 65 749 Et
80 686 339 761 centumgeminus
352 687 505 760 Briareus,
521 703 557 745 ac
570 686 674 747 bellua
686 688 804 747 Lernae

20 772 221 833 Horrendum
235 771 377 844 stridens,
393 770 587 846 flammisque
601 779 716 831 armata
731 770 897 846 Chimaera,

23 858 190 931 Gorgones
204 855 422 932 Harpyiaeque
438 861 468 914 et
481 855 580 913 forma
592 856 771 930 tricorporis
785 855 919 946 umbrae.

21 940 160 1015 Corripit
174 939 223 998 hic
238 939 339 999 subita
351 939 490 1014 trepidus
505 939 667 1000 formidine
681 941 793 999 temon
931 944 984 1001 290

20 1030 161 1098 Aeneas,
177 1023 373 1099 strictamque
388 1024 485 1082 aciem
491 1023 691 1084 'venientibus
706 1022 812 1094 offert3

18 1109 73 1180 Et,
89 1109 120 1167 ni
136 1109 227 1167 docta
241 1124 345 1167 eomes
360 1115 467 1168 tenues
483 1108 550 1166 sine
565 1123 696 1183 corpore
708 1109 789 1168 vitas

19 1194 201 1254 Admoneat
213 1192 342 1251 volitare
357 1207 434 1250 cava
449 1192 506 1251 sub
522 1192 653 1267 imagine
667 1193 792 1268 formae,

19 1276 125 1337 Irruat
140 1283 170 1334 et
184 1277 296 1335 trustra
310 1276 390 1334 ierro
407 1274 580 1334 diverberet
592 1276 726 1335 umbras.

70 1360 150 1418 Hinc
163 1360 223 1432 via,
238 1359 371 1418 Tartarei
387 1374 465 1432 quae
480 1359 538 1417 ient
551 1359 733 1418 Acherontis
748 1359 789 1417 ad
801 1360 912 1420 undas.
932 1367 984 1421 295

22 1442 181 1505 Turbidus
195 1441 245 1499 hic
260 1456 357 1501 coeno
371 1449 521 1516 vastaque
535 1442 682 1515 voragine
696 1457 809 1516 gurges

24 1530 160 1586 Aestuet
174 1531 265 1599 atque
281 1540 401 1584 omnem
413 1525 527 1602 Cocyto
544 1532 660 1589 eructat
672 1540 806 1584 arenam.

24 1608 159 1671 Portitor
172 1609 229 1668 has
244 1608 415 1668 horrendus
431 1625 530 1684 aquas
545 1617 575 1668 et
589 1609 715 1669 flumina
729 1615 833 1669 servet

25 1692 167 1754 Terribili
184 1693 327 1767 squalore
343 1691 470 1768 Charon,
491 1694 539 1751 eui
553 1688 684 1768 plurima
697 1698 798 1752 mento

29 1777 164 1840 Canities
179 1777 291 1836 inculta
305 1777 392 1851 iacet,
409 1784 490 1836 stant
501 1777 615 1836 lumina
630 1776 761 1850 flamma,
884 1780 889 1793 “
932 1782 986 1838 300

28 1862 182 1925 Sordidus
198 1878 238 1920 ex
252 1861 385 1920 humeris
400 1861 483 1920 nodo
500 1861 654 1936 dependet
668 1860 812 1937 amictus3

26 1948 100 2025 Ipse
114 1952 210 2007 ratem
224 1953 315 2005 conto
331 1945 442 2020 subigit
456 1945 595 2020 velisque
608 1945 764 2018 ministrat,

27 2032 67 2093 Et
80 2031 254 2107 ferruginea
268 2031 428 2090 subvectat
443 2045 573 2107 corpora
588 2028 707 2107 cymba,

28 2117 94 2176 Iam
110 2116 220 2190 senior,
238 2115 295 2175 sed
309 2114 404 2174 cruda
418 2115 477 2174 deo
492 2113 662 2188 viridisque
677 2117 831 2172 senectus.

28 2201 98 2259 Huc
113 2201 211 2258 omnis
226 2199 316 2258 turba
329 2199 370 2258 ad
383 2199 467 2274 ripas
483 2198 582 2258 effusa
595 2197 713 2271 ruebat,
930 2202 983 2258 306

28 2284 143 2342 Matres
158 2289 249 2357 atque
263 2282 330 2357 uiri,
346 2284 551 2357 defunctaque
566 2297 697 2356 corpora
712 2280 773 2338 vita

29 2367 257 2439 Magnanimum
270 2367 405 2440 heroum,
421 2367 507 2442 pueri
522 2367 729 2441 innuptaeque
743 2364 871 2440 puellae,

29 2449 230 2524 Impositique
243 2451 327 2524 rogis
342 2451 468 2511 iuvenes
483 2458 553 2510 ante
568 2467 622 2510 ora
635 2455 810 2525 parentum:

30 2534 126 2610 Quam
142 2534 235 2592 multa
249 2533 279 2592 in
294 2534 380 2592 silvis
395 2535 547 2595 auctumni
562 2535 673 2609 frigore
687 2532 785 2609 primo
833 2564 835 2569 v

28 2620 133 2693 Lapsa
149 2618 260 2677 eadunt
274 2618 356 2690 folia,
374 2625 427 2677 aut
440 2620 603 2678 adterram
618 2618 736 2693 gurgite
750 2614 789 2676 ab
804 2618 864 2676 aito
931 2625 984 2679 alo

30 2704 128 2777 Quam
142 2703 255 2761 multae
270 2703 474 2776 glomerantur
487 2719 572 2777 aves,
586 2702 638 2762 ubi
652 2701 781 2777 frigidus
796 2717 892 2760 annus

27 2790 124 2848 Trans
141 2795 267 2860 pontum
281 2787 364 2861 fugat
379 2793 410 2846 et
421 2788 508 2847 terris
523 2787 653 2846 immittit
666 2786 788 2863 apricis.

30 2869 159 2931 Stabant
173 2877 295 2930 orantes
309 2870 397 2946 primi
411 2872 613 2931 transmittere
626 2884 758 2943 cursum,

28 2953 269 3029 Tendebantque
281 2970 390 3014 manus
405 2957 490 3036 ripae
503 2954 656 3015 ulterioris
671 2966 791 3019 amore;

28 3038 139 3099 Navita
154 3037 209 3096 sed
219 3038 313 3098 tristis
329 3054 409 3098 nunc
423 3039 490 3121 hos,
505 3054 586 3098 nunc
601 3037 711 3113 accipit
724 3036 803 3107 iilos,
930 3038 983 3095 315

27 3125 88 3185 Ast
102 3121 179 3180 alios
194 3121 285 3196 longe
299 3122 456 3182 submotos
471 3129 554 3183 arcet
567 3137 669 3182 arena.

26 3205 305 3269 Aeneas-miratus
320 3207 399 3265 enim
413 3214 577 3281 motusque
590 3205 737 3265 tumultu-

10 3291 127 3370 ·„Die“
142 3289 184 3348 ait
198 3305 237 3363 „o
254 3291 348 3365 virgo,
365 3291 438 3366 quid
454 3292 518 3351 vult
532 3304 703 3351 concursus
718 3286 764 3347 ad
776 3300 926 3351 amnem,

27 3375 169 3454 ,Quidve
179 3379 287 3448 petunt
300 3375 427 3451 animae,
446 3378 496 3438 vel
512 3394 577 3456 quo
595 3370 895 3493 discriminep'tpas
