2340 4296
273 628 338 695 Μ
547 628 580 689 P.
601 628 761 691 vinoun
782 626 956 689 muttonis

272 782 434 842 Torrentur
445 778 514 841 visu
529 781 639 856 subito,
656 782 817 857 cunctique
829 780 943 841 relictis

274 866 467 941 Consurgunt
480 866 605 927 mensis.
639 866 752 926 Audax
766 880 846 941 quos
860 879 1002 941 rrumpere
1015 862 1123 927 Pallas

274 950 370 1011 Sacra
382 956 473 1023 vetat,
488 956 638 1027 raptoque
652 952 735 1010 volat
748 952 810 1010 teto
825 949 935 1010 obvius
949 949 1029 1025 ipse,

272 1034 310 1095 Et
322 1034 430 1111 procul
443 1049 461 1094 e
474 1034 590 1095 tumulo
604 1034 762 1109 „Iuvenes
778 1048 858 1109 quae
872 1048 967 1093 causa
981 1032 1111 1109 subegit

272 1120 414 1195 „Ignotus
427 1124 544 1178 tentare
557 1118 647 1177 viust
667 1118 732 1193 Quo
747 1118 910 1179 tenditisr‘
930 1116 1038 1193 inquit
1079 1162 1086 1175 .

272 1201 1045 1362 ittttritttttttttttttttttffir
1058 1218 1121 1263 ‘²¹²³
1157 1233 1170 1256 ''

271 1370 488 1446 Paciferaequc
501 1384 592 1428 manu
605 1386 722 1429 ramum
735 1369 905 1445 praetendit
919 1370 1035 1430 olivae:

272 1456 477 1531 „Troiugenas
491 1468 529 1513 ac
542 1454 603 1512 teia
617 1452 705 1514 vides
720 1454 842 1514 inimica
854 1454 978 1529 Latinis,

272 1540 374 1615 „Quos
389 1538 431 1598 iili
445 1536 526 1596 bclio
540 1536 688 1613 profugos
703 1554 794 1614 egere
808 1536 953 1615 superbo.

272 1622 465 1697 „Evandrum
479 1620 621 1698 petimus.
655 1620 743 1683 Ferte
757 1623 834 1683 hoec
848 1630 879 1683 et
892 1622 992 1695 dicite,
1007 1622 1111 1685 lectos

272 1705 462 1779 ‚Dardaniae
477 1706 601 1766 venisse
615 1706 721 1781 duces,
737 1707 823 1767 socia
835 1722 920 1767 arma
933 1712 1114 1781 rogantes.“

273 1788 435 1864 Obstupuit
447 1796 530 1849 tanto
544 1804 711 1867 percussus
725 1792 848 1851 nomine
861 1789 976 1861 Pallam

272 1873 443 1949 „Egredere
458 1890 477 1933 o
492 1876 675 1951 quicumque
689 1882 743 1935 es“
758 1876 800 1935 ait
813 1878 998 1948 „coramque
1013 1886 1147 1951 parente

272 1958 467 2034 „Alioquere
482 1974 519 2019 ac
534 1961 647 2019 nostris
662 1959 796 2019 succede
811 1959 972 2035 penatibus
987 1958 1152 2035 hospest‘·

270 2042 460 2119 Excepitque
473 2060 573 2115 manu,
589 2044 789 2118 dextramque
802 2044 962 2119 ampiexus
977 2043 1123 2106 inhaesit.

271 2127 429 2203 Progressi
445 2128 575 2188 subeunt
588 2129 667 2202 luco,
683 2126 872 2203 fluviumque
885 2128 1069 2203 relinquunt.

271 2213 346 2273 Tum
360 2228 462 2287 regam
476 2216 598 2273 Aeneas
612 2212 701 2272 dictis
716 2210 825 2271 otiatur
838 2212 959 2271 amicis:

272 2296 410 2372 „Optime
424 2297 637 2371 Graiugenum,
654 2297 702 2356 cui
717 2311 766 2355 me
781 2297 901 2355 senuna
916 2296 1033 2371 precari

271 2382 327 2455 „Et
340 2381 414 2441 vitta
427 2388 545 2440 comtos
562 2381 655 2440 voluit
670 2380 869 2455 praetendere
883 2396 995 2452 ramos

271 2465 356 2541 „Non
369 2465 514 2541 equidem
529 2465 661 2537 extimui,
676 2464 815 2523 Danaum
830 2464 914 2538 quod
928 2464 1037 2524 ductor
1051 2472 1082 2525 et
1095 2470 1147 2545 Ar

271 2550 440 2625 „Quodque
451 2548 489 2609 ab
502 2550 596 2625 stirpe
608 2550 690 2608 iores
698 2550 826 2623 geminis
835 2549 1014 2607 coniunctus
1025 2550 1166 2627 Atridis;

271 2633 353 2708 „Sed
368 2648 435 2693 mea
449 2648 498 2693 ma
511 2634 607 2693 virtus
623 2641 652 2693 et
667 2640 773 2693 sancta
787 2633 911 2692 oracula
925 2632 1038 2705 ditum,

271 2718 477 2793 „cognatique
490 2725 603 2794 potres,
618 2725 670 2777 tna
682 2718 770 2778 terris
786 2718 882 2777 didita
896 2718 984 2789 tama,

270 2802 480 2875 „Coniunxere
494 2802 557 2873 tibi,
573 2809 602 2862 et
616 2803 687 2861 tatis
702 2817 793 2876 egere
807 2803 970 2862 volentem.

271 2884 461 2961 „Dardanus
475 2886 585 2946 liiacae
600 2888 715 2961 primus
731 2893 817 2962 pater
830 2885 913 2945 urbis
927 2891 958 2944 et
972 2892 1089 2963 auctor,

271 2969 417 3045 „Electra
431 2977 465 3031 ut
478 2970 558 3030 Graii
574 2970 741 3045 perhibent
757 2970 910 3029 Atlantide
924 2976 1034 3039 cretus,

270 3054 459 3128 „advehitur
471 3054 621 3123 Teucros;
644 3054 791 3112 Electram
807 3056 957 3114 maximus
971 3054 1059 3113 Atiae

270 3138 398 3214 „Edidit
413 3138 566 3198 aetherios
580 3138 707 3197 humero
722 3138 774 3213 qui
790 3139 919 3198 sustinet
933 3138 1034 3197 orbes.

269 3222 386 3298 „Vobis
399 3222 567 3282 Mercurius
581 3228 668 3297 pater
681 3228 737 3293 est,
754 3238 842 3297 quem
859 3222 991 3281 candida
1004 3221 1087 3282 Maia

269 3307 434 3385 „Cyllenae
448 3305 550 3380 gelido
566 3312 746 3382 conceptum
760 3307 873 3366 vertice
889 3308 981 3377 iudit3

268 3394 328 3465 „At
340 3390 459 3461 Maiam,
474 3390 586 3449 auditis
601 3390 627 3450 si
643 3390 808 3465 quidquam
823 3392 985 3455 credimus,
1001 3390 1101 3467 AtiaS,

269 3476 373 3549 „idem
386 3474 473 3533 Atlas
487 3484 619 3549 generat,
635 3474 713 3534 coeli
729 3474 780 3549 qui
795 3476 897 3535 sidera
911 3474 996 3535 toltit.

267 3558 339 3635 „Sic
352 3574 449 3631 genus
465 3558 621 3619 amborum
636 3559 747 3619 scindit
760 3574 796 3618 se
810 3560 958 3633 sunguine
973 3557 1011 3617 ab
1026 3572 1101 3619 uno.

267 3642 342 3719 „iiis
357 3642 460 3713 fretus,
476 3659 537 3702 non
553 3644 670 3719 iegatos
685 3658 785 3719 neque
798 3644 897 3719 prima
911 3657 967 3719 per
977 3648 1073 3703 artem

268 3725 481 3801 „Tentamanta
495 3728 536 3787 tui
551 3728 670 3804 pepigi3
692 3742 750 3793 me,
765 3742 813 3785 me
829 3728 896 3802 ipse
911 3742 1075 3801 meumque

267 3806 392 3886 „Obiaci
406 3820 506 3886 caput,
521 3820 551 3871 et
565 3813 695 3887 supplex
710 3810 751 3871 ad
766 3810 869 3869 iimina
883 3811 963 3870 veni.

220 3974 224 3979 ·
262 3892 370 3974 „Gens
385 3894 502 3973 eadem,
519 3910 598 3973 quae
612 3902 652 3968 te,
668 3894 783 3955 crudeli
796 3894 914 3953 Daunia
927 3894 1009 3953 beiio
