2326 3780
107 192 173 259 aaa
381 189 414 249 Ρ.
436 188 598 249 vraunu
618 187 819 249 mnaonrs
929 134 942 189 ¹
1095 146 1100 227 ἶ

109 343 247 409 candida
260 342 431 419 caesaries,
446 374 460 387 ·
479 340 634 403 florebant
647 348 803 440 tempora
818 343 919 406 lauro
930 376 945 389 ·
1039 355 1072 406 lit

107 433 150 491 At
160 442 273 489 roseus
287 428 389 488 medio
403 426 547 502 surgebat
560 427 679 486 vertice
693 428 815 488 crinis.

109 512 204 575 cuius
219 528 311 587 quam
326 518 449 573 servata
462 511 515 569 diu
530 516 639 570 aratura
654 511 784 584 luisset,

107 600 183 659 'lam
196 597 325 672 patriam
340 596 522 655 incolumem
536 593 600 654 Nisi
614 608 819 671 regnumque
836 596 987 671 futurum,
1097 561 1101 665 Ῑ

110 682 287 743 Concordes
302 680 406 741 stabili
417 679 575 738 firmarunt
590 678 718 739 numine
733 679 873 738 Parcae.
1097 708 1100 715 ·

10 816 15 825 .
108 765 191 840 Ergo
207 764 306 825 omnis
321 779 393 823 caro
407 761 564 823 residebat
577 776 652 821 cura
666 763 805 838 capillo:
1038 771 1072 823 lta

109 850 214 908 Aurea
228 847 357 909 solemni
372 854 503 907 comtum
517 859 609 921 quem
623 844 721 906 fibula
736 847 802 907 ritu
839 898 842 905 .

111 931 262 1008 crobylus
277 939 308 992 et
320 931 407 992 tereti
422 929 582 990 nectebant
597 929 689 988 dente
703 930 856 990 cicadae.

109 1016 172 1075 Nec
186 1030 261 1075 vero
276 1014 354 1075 haec
367 1014 452 1075 urbis
467 1014 607 1074 custodia
619 1028 703 1072 vana
716 1015 848 1088 luisset,

109 1100 173 1160 llec
187 1099 292 1173 luerat,
307 1100 339 1158 ni
353 1098 459 1175 Scylla
472 1112 554 1157 novo
569 1104 721 1172 concepta
738 1098 862 1172 lurore,

111 1182 224 1260 Scylla,
241 1183 336 1257 patris
350 1182 455 1242 miseri
469 1181 648 1257 patriaeque
662 1181 794 1240 inventa
809 1183 1007 1259 sepulcrum,
1036 1190 1073 1244 lat

110 1266 135 1327 0
151 1265 275 1325 nimium
290 1266 412 1341 cupidis
427 1266 455 1326 sl
469 1280 531 1325 non
545 1264 693 1325 inhiasset
707 1266 840 1326 ocellis!

110 1348 173 1410 Sed
188 1349 287 1409 malus
301 1350 352 1409 ille
367 1364 453 1426 puer,
469 1364 560 1425 quem
573 1363 631 1407 nec
645 1364 705 1408 sua
718 1346 856 1410 flectere
871 1358 975 1410 mater

108 1433 222 1493 Iratum
235 1435 342 1508 potuit,
359 1449 452 1509 quem
466 1447 524 1492 neo
537 1439 625 1508 pater
639 1437 732 1507 atque
747 1449 833 1494 avus
850 1435 941 1494 idem

108 1517 224 1594 Iupiter
237 1550 250 1559 -
264 1517 316 1578 ille
330 1519 420 1577 etiam
433 1517 554 1577 Poenos
570 1515 719 1576 domitare
732 1517 852 1578 leones

108 1600 149 1662 Et
159 1601 279 1662 validas
295 1602 400 1662 docuit
412 1601 495 1661 vires
509 1614 725 1660 mansuescere
739 1600 854 1675 tigris;
1036 1608 1074 1662 lto

108 1684 165 1746 Ille
178 1685 269 1746 etiam
285 1686 383 1761 divos,
399 1685 588 1747 homines...
603 1684 660 1745 sed
675 1683 783 1743 dicere
799 1701 957 1762 magnum
973 1693 1051 1759 esl·‚

109 1769 196 1829 ldem
210 1776 272 1829 turn
287 1770 388 1830 tristes
403 1769 533 1828 acuebat
545 1768 693 1843 parvulus
709 1768 785 1828 iras.

109 1853 235 1913 Iunonis
250 1869 388 1929 magnae,
404 1853 490 1913 cuius
504 1851 638 1929 periuria
651 1851 752 1925 divae,

112 1935 189 1996 Olim
204 1937 231 1998 si
245 1937 419 2009 meminere,
436 1936 488 1997 diu
502 1935 624 2012 periura
638 1934 762 2011 puellae

109 2020 178 2080 Non
192 2020 246 2081 ulli
260 2021 358 2096 liceat,
373 2020 542 2081 violaverat
555 2019 653 2079 inscia
667 2017 785 2093 sedern,

109 2103 189 2164 Dum
204 2104 300 2164 sacsss
316 2111 443 2181 operata
456 2103 535 2163 deae
549 2103 669 2163 lascivit
682 2109 713 2162 el
725 2108 817 2162 extra

2 2242 6 2257 ‚
109 2187 253 2249 Procedit
267 2189 358 2263 longe
372 2194 500 2247 matrum
515 2187 719 2262 comitumque
735 2193 913 2261 catervam,

48 2272 51 2277 ’
111 2270 302 2347 Suspensum
317 2272 457 2347 gaudens
471 2271 502 2330 in
517 2285 649 2347 corpore
663 2270 770 2329 ludere
784 2278 928 2347 vestem,

109 2354 148 2414 Et
162 2356 294 2416 tumidos
310 2356 441 2431 agitante
457 2353 542 2415 sinus
556 2355 709 2432 Aquilone
723 2353 889 2414 relaxans.

110 2438 248 2499 Necdum
262 2439 354 2499 etiarn
368 2446 471 2500 castos
484 2444 661 2513 gustaverat
674 2437 754 2512 ignis
768 2436 929 2515 honores,
1040 2449 1080 2503 lla

37 2520 40 2524 ’
110 2521 247 2582 Necdum
262 2523 391 2583 solemni
405 2522 532 2602 lympha
545 2523 672 2597 perlusa
686 2521 839 2583 sacerdos

109 2604 253 2667 Pallantis
268 2606 350 2667 loliis
365 2613 457 2682 capul
470 2614 635 2667 exornarat
648 2606 765 2676 olivaar

111 2689 186 2751 Cum
200 2690 289 2766 lapsa
302 2706 321 2749 e
334 2691 475 2750 manibus
489 2690 568 2767 fugit
580 2691 651 2766 pila,
666 2704 800 2764 cumque
813 2690 953 2768 relapsa

110 2773 265 2835 Procurrit
278 2775 382 2848 virgo:
395 2773 491 2850 quod
505 2775 549 2835 uti
563 2789 603 2834 ne
617 2774 739 2851 prodita
752 2773 829 2833 ludu

110 2858 258 2919 Auratam
271 2858 376 2934 gracili
391 2859 539 2918 solvisset
552 2872 682 2934 corpore
697 2858 829 2934 pallarnl
1040 2872 1086 2925 150

112 2940 228 3018 Omnia,
244 2958 324 3019 quae
337 2943 468 3002 retinere
482 2943 611 3018 gradum
623 2956 793 3016 cursusque
808 2945 932 3005 morari

109 3023 249 3102 Possent,
265 3042 283 3087 o
298 3033 399 3087 tecum
412 3026 523 3086 vellem
537 3033 589 3087 tua
601 3040 724 3102 semper
736 3023 893 3087 haberesa

110 3110 178 3170 lton
191 3127 336 3187 umquam
349 3112 465 3172 violata
478 3127 569 3170 manu
582 3110 717 3171 sacraria
731 3108 826 3169 divae

110 3193 245 3266 Urendo,
261 3196 375 3271 infelix,
389 3194 598 3271 nequidquam
611 3195 700 3256 thura
713 3192 851 3269 piasses.

82 3304 86 3313 ·
109 3276 148 3337 Et
162 3278 189 3339 si
204 3278 273 3353 quis
286 3281 433 3340 nocuisse
446 3278 500 3339 tibi
514 3277 647 3354 periuria
662 3277 775 3351 credat,
1040 3294 1090 3346 155

112 3359 211 3421 Causa
226 3363 278 3437 pia
291 3370 354 3424 esta
376 3364 473 3424 hmuil
486 3362 570 3423 fratri
584 3370 615 3423 le
629 3360 794 3423 ostendere
807 3359 901 3424 luno.

29 3498 60 3536 n
110 3444 152 3505 Al
164 3445 244 3508 levis
257 3446 310 3508 illo
323 3446 415 3523 daus,
427 3445 481 3508 uid
490 3460 613 3520 semper
626 3445 672 3504 ad
680 3444 900 3507 descendum
