2326 3780
159 172 221 239 148
429 175 461 234 Ρ.
482 172 644 235 VIRGILII
664 172 840 235 MARONIS

155 329 222 388 Non
236 333 365 402 coeptae
378 332 543 401 assurgunt
555 333 664 402 turres,
680 342 742 386 non
755 343 840 387 arma
854 327 999 389 iuventus

153 412 292 488 Exercet,
307 418 455 487 portusve
469 416 522 471 aut
535 411 766 487 propugnacula
778 409 860 472 bello

153 496 231 557 Tuta
243 502 368 573 paranta
388 495 527 573 pendent
540 510 637 571 opera
649 496 816 571 interrupta
829 497 995 571 minaeque

153 580 309 641 Murorum
321 580 461 657 ingentes
475 587 668 655 aequataque
681 579 822 639 machina
836 582 936 641 coelo.

196 664 292 740 Quam
305 664 395 725 simui
409 680 447 725 ae
459 664 513 725 tati
526 664 680 739 persensit
693 670 782 739 peste
795 665 891 725 teneri
930 690 933 696 ·
1084 674 1120 730 90

155 751 232 811 cara
244 750 327 809 Iovis
343 749 464 823 coniux,
477 763 536 807 nec
550 749 662 808 famam
676 748 799 808 obstare
814 750 922 820 furori;

152 833 275 895 Talibus
290 832 465 908 aggreditur
477 832 630 891 Venerem
644 832 787 893 Saturnia
799 832 903 893 diutiss

152 918 335 996 „Egregium
348 910 423 976 vero
439 915 560 976 laudem
574 922 605 976 et
619 916 721 992 spolia
734 918 837 993 empta
850 918 971 977 refertis

152 1002 279 1082 „Tuque
292 1016 430 1077 puerque
443 1007 528 1070 tuus3
549 1015 694 1075 magnum
708 1008 738 1061 et
750 1001 947 1062 memorabile
961 1020 1078 1064 numen

153 1086 242 1164 „Una
257 1084 329 1146 dolo
344 1085 450 1144 divum
465 1084 492 1143 si
507 1085 620 1143 femina
634 1086 715 1145 victa
728 1085 859 1146 duorum
872 1094 929 1146 est
1082 1097 1118 1152 95

153 1169 236 1248 „Nec
250 1184 299 1228 me
313 1169 393 1228 adeo
408 1168 492 1242 toltit,
506 1169 634 1229 veritam
647 1177 678 1229 te
691 1170 940 1246 moenianostra,

153 1252 343 1332 „Suspectus
357 1252 505 1313 habuisse
520 1252 630 1313 domos
645 1254 835 1329 Carthaginis
850 1255 938 1314 altae.

153 1336 238 1414 „Sed
253 1337 323 1412 quis
338 1336 394 1397 erit
408 1337 527 1413 modus,
542 1344 595 1398 aut
609 1353 670 1413 quo
685 1354 766 1397 nnnc
780 1340 943 1398 certamine
959 1345 1068 1399 tantor

153 1421 251 1498 „Quin
264 1422 367 1497 potius
382 1437 492 1498 pacem
506 1429 660 1482 aeternam
674 1412 846 1498 pactosque
859 1424 1062 1500 Hymenaeus

152 1506 384 1583 „Exememust
402 1506 516 1582 Habes,
530 1514 595 1567 tota
610 1507 694 1582 quod
708 1512 808 1566 mente
822 1508 939 1582 petisti:
1063 1520 1117 1571 100

151 1591 270 1667 „Artiet
283 1606 390 1652 amans
402 1591 482 1651 Dido
497 1591 649 1666 nardique
663 1606 719 1666 per
732 1607 808 1651 ossa
821 1594 964 1651 furorem.
993 1628 998 1637 ·

152 1674 370 1751 „communem
384 1675 465 1735 hunc
480 1691 553 1750 ergo
568 1674 715 1752 poputum
730 1676 917 1751 paribusque
931 1692 1077 1752 regamus

151 1760 346 1837 „Auspiciis3
367 1760 459 1820 liceat
470 1760 603 1837 Phrygio
619 1760 735 1819 servire
749 1761 866 1836 marito,

151 1844 361 1921 „Dotalesque
373 1852 445 1905 tuae
457 1844 567 1920 Tyrios
581 1843 754 1920 permittere
768 1845 924 1904 dextrae“.

153 1926 573 1991 Olli-sensiteninrsimuiata
586 1929 841 2001 mentelocutam‚
1063 1944 1113 1994 105

152 2010 220 2087 Quo
234 2028 363 2089 mum
376 2014 481 2073 ltaliae
493 2011 627 2089 Libycas
643 2020 793 2073 averteret
806 2028 891 2073 oras-

152 2094 206 2159 Sic
220 2104 328 2159 conua
340 2104 389 2157 est
402 2096 544 2172 ingressa
556 2096 679 2156 Venusz
702 2096 796 2170 „Quis
810 2097 883 2157 talia
898 2097 1026 2157 demens

151 2180 303 2259 „tibuunt
319 2188 372 2242 aut
382 2188 482 2240 tecum
498 2180 582 2240 malit
595 2181 781 2241 contendere
794 2181 899 2242 beliot

151 2264 207 2341 „Si
220 2264 323 2340 modo,
339 2264 424 2341 quod
438 2279 600 2339 memoras,
615 2264 728 2325 tactum
742 2266 862 2327 fortuna
877 2274 1034 2341 sequatur.

151 2348 236 2424 „Sed
250 2349 320 2408 tatis
335 2349 450 2408 incerta
464 2350 554 2424 ieron,
570 2349 597 2408 si
612 2348 726 2425 Iupiter
738 2366 830 2410 unam
1064 2364 1115 2415 110

151 2433 250 2509 „Esse
262 2432 336 2491 velit
348 2432 448 2508 Tyriis
463 2432 568 2492 urbem
582 2433 735 2508 Troiaque
748 2436 903 2510 proiectis,

151 2515 335 2592 „Miscerivc
348 2516 459 2591 probet
471 2519 616 2593 populos,
632 2525 683 2577 aut
697 2519 824 2578 foedera
837 2519 929 2595 iungi.

151 2599 358 2675 „turonium
378 2600 434 2660 tibi
449 2601 497 2662 ias
511 2603 644 2662 animum
657 2608 774 2662 tentare
789 2604 955 2680 precando.

150 2681 281 2759 „Perge3
306 2688 449 2759 sequar.“
482 2686 556 2746 Turn
571 2686 617 2746 sic
631 2687 753 2762 excepit
766 2689 851 2763 regia
864 2689 955 2748 Iunoz

151 2767 290 2844 „Mecum
300 2769 357 2828 erit
366 2770 426 2829 iste
436 2768 532 2831 labor.
553 2770 1113 2850 Nuncquarationqquodinstu,115

150 2852 304 2928 „confieri
317 2854 427 2928 possit,
442 2854 837 2931 paucis-adverte·doeebo.

151 2937 323 3013 „Venatum
337 2938 461 2999 Aeneas
475 2954 599 3014 unaque
612 2938 782 3001 miserrima
795 2942 875 3002 Dido

149 3022 204 3098 „in
219 3036 326 3082 nemus
341 3022 386 3082 ire
399 3030 516 3100 parant„
529 3022 583 3083 ubi
595 3024 712 3098 primos
727 3026 876 3087 crastinus
892 3033 977 3088 onus

150 3105 317 3181 „Extulcrit
329 3105 415 3168 Titan
429 3108 588 3182 radiisque
600 3108 745 3169 retexerit
758 3110 880 3171 orbem:

149 3189 225 3264 „His
240 3205 298 3264 ego
313 3191 482 3265 nigrantem
496 3190 660 3251 commixta
674 3194 980 3269 grandinenimbum,
1058 3206 1114 3259 lau

149 3272 248 3349 „Dum
260 3275 415 3351 trepidant
428 3276 497 3336 aiae
509 3276 669 3351 saltusque
682 3276 827 3354 indagine
840 3280 974 3357 cingunt,

148 3356 312 3433 „Desuper
323 3359 489 3434 infundam,
505 3366 536 3421 et
547 3360 661 3421 tonitru
675 3362 795 3423 eoelum
810 3378 901 3425 omne
915 3364 1015 3426 ciebo·

141 3439 333 3520 „Didirgr'ent
347 3444 485 3523 comites,
501 3452 533 3507 et
544 3453 636 3507 nocte
648 3452 790 3519 tegentur
803 3464 920 3524 opacas
