2340 4296
163 595 231 659 210
449 596 483 657 r.
502 596 663 657 vincum
683 596 859 659 manoms
896 566 907 593 ¹

163 750 248 823 „Hae
262 748 316 807 tibi
331 757 418 813 crunt
432 756 522 822 artes,
538 750 691 825 pacisque
702 750 860 827 imponere
874 766 1007 831 morem,

163 833 310 907 „Parcere
325 833 480 905 subiectis,
497 841 528 893 et
541 833 696 893 debellare
709 834 893 910 superbos.“

163 915 214 977 Sic
229 924 315 993 pater
328 919 491 990 Anchises,
507 924 599 993 alque
613 918 690 977 haec
705 918 884 979 mirantibus
899 920 1005 983 addit:

162 1002 326 1077 „Adspice
341 1010 373 1063 ut
387 1002 515 1077 insignis
530 1002 639 1077 spoliis
653 1002 815 1063 Marcellus
830 1004 943 1079 opimis
1077 1018 1128 1075 555

161 1085 357 1161 „lngreditun
373 1087 531 1161 victorque
547 1086 629 1146 viros
645 1088 850 1162 supereminet
863 1100 991 1151 omnes!

161 1170 236 1242 „Hic
251 1187 314 1230 rem
328 1172 505 1244 Romanam,
521 1187 632 1246 magno
646 1172 786 1231 turbante
801 1175 938 1245 tumultu,

161 1253 281 1329 „Sistet
299 1271 394 1329 eques
410 1262 523 1315 sternet
537 1254 658 1315 Poenos
674 1254 853 1331 Gallumque
868 1257 1029 1337 rebellem,

160 1338 339 1414 „Tertiaque
354 1356 438 1399 arma
452 1339 529 1413 patri
545 1339 714 1414 suspendet
728 1348 816 1415 capta
831 1341 990 1413 Quirino.“

161 1425 262 1497 Atque
276 1424 326 1482 hic
340 1424 463 1482 Aeneas
475 1454 488 1465 -
498 1439 561 1482 una
571 1439 703 1497 namque
717 1423 763 1483 irc
776 1425 901 1484 videbat
1077 1442 1127 1499 86⁰

160 1508 322 1582 Egregium
337 1508 434 1565 lorma
449 1506 589 1565 iuvenem
604 1514 634 1568 et
648 1508 830 1582 fulgentibus
844 1511 948 1584 amnis,

162 1590 224 1650 Sed
239 1592 323 1650 lrons
337 1591 417 1650 laeta
431 1606 545 1665 parum,
562 1598 591 1651 et
606 1592 724 1652 deiecto
740 1593 854 1653 lumina
867 1597 952 1653 vultu
964 1620 996 1652 ·=

160 1675 263 1748 „Quis
279 1682 374 1750 paler,
390 1674 449 1748 ille,
467 1674 563 1733 virum
578 1677 630 1751 qui
645 1677 690 1737 sic
706 1678 864 1736 comitatur
879 1684 1027 1741 euntem?

160 1757 283 1833 „Filius
298 1774 377 1819 anne
391 1758 501 1832 aliquis
517 1776 627 1835 magna
642 1761 681 1819 de
696 1762 791 1835 stirpe
805 1768 975 1835 nepotum?

160 1842 235 1917 „Qui
246 1843 390 1919 strepitus
403 1844 484 1903 circa
494 1844 650 1903 comitum!
668 1852 813 1918 quantum
824 1844 955 1904 instarin
965 1848 1059 1923 ipso!
1076 1863 1127 1918 855

160 1925 243 1999 „Sed
257 1941 320 1987 nox
335 1935 400 1987 atra
415 1934 507 2003 caput
519 1928 596 1987 tristi
612 1928 809 1988 circumvolat
822 1929 959 1987 umbra.“

159 2012 232 2070 Tarm
247 2019 334 2087 pater
346 2012 509 2085 Anchises,
524 2012 654 2071 lacrimis
670 2013 827 2087 ingressus
843 2012 977 2073 obortis:

160 2094 203 2169 „O
218 2103 317 2171 gnate,
333 2096 483 2171 ingentem
500 2098 610 2156 luctum
625 2112 663 2155 ne
678 2114 791 2171 quacrc
805 2105 934 2157 tuorum.

159 2180 345 2253 „Ostendent
360 2182 446 2239 terris
462 2180 541 2240 hunc
556 2189 669 2240 lantum
685 2181 754 2251 lata,
771 2198 871 2255 noque
885 2184 963 2242 ultra

159 2266 256 2337 „Esse
271 2266 379 2325 sinent.
412 2265 541 2324 Nimium
556 2264 645 2323 vobis
660 2265 798 2325 Romana
813 2282 952 2340 propago
1076 2282 1130 2338 870

159 2350 254 2422 „Visa
269 2356 386 2423 polens,
403 2350 515 2423 superi,
532 2349 656 2423 propria
670 2348 746 2408 hacc
761 2350 884 2409 sidona
899 2350 1047 2415 finissent.

160 2432 314 2506 „Qirantos
329 2433 379 2492 ille
394 2434 489 2491 virdm
505 2448 645 2505 magnam
660 2432 805 2493 Mavortis
820 2434 861 2492 ad
876 2434 985 2494 urbem

159 2517 311 2591 „Campus
326 2522 396 2591 aget
410 2516 556 2590 gemitus,
578 2516 628 2575 vel
643 2532 730 2590 cquae,
745 2516 892 2589 Tiberine,
908 2518 1036 2585 ridebis

157 2600 304 2675 „Funera
321 2616 412 2675 quum
426 2599 572 2658 tumulum
586 2600 809 2675 praeterlabere
824 2610 993 2663 recentem!

157 2685 239 2757 „Nec
254 2701 330 2761 puer
344 2685 434 2743 iliaca
450 2683 611 2758 quisquam
626 2685 664 2743 do
679 2694 768 2759 gente
783 2687 906 2747 Latinos
1072 2704 1128 2759 875

158 2770 210 2841 ,ln
224 2775 338 2828 tantum
353 2783 410 2842 spe
424 2768 508 2827 tollet
521 2784 608 2843 avos,
624 2785 681 2829 nec
695 2771 826 2829 Romula
840 2771 998 2845 <parandam

157 2852 245 2927 „Ullo
261 2868 296 2912 se
310 2858 425 2911 tanatum
438 2852 527 2912 tellus
541 2853 664 2913 lactabit
678 2854 809 2913 alumno.

157 2936 243 3010 „ileu
257 2936 366 3011 pietas,
383 2935 442 2995 heu
457 2936 560 3010 prisca
574 2936 662 3003 fides,
678 2937 851 3011 invictaque
865 2936 947 2997 bello

157 3018 322 3094 „Dexterat
345 3034 406 3079 non
421 3019 462 3077 illi
477 3034 512 3079 se
529 3020 690 3095 quisquam
705 3022 827 3095 impune
841 3022 962 3081 tulisset

157 3101 292 3179 „Obvius
306 3110 430 3177 armato,
445 3120 501 3163 scu
517 3120 608 3179 quum
622 3106 719 3180 pedes
735 3106 791 3166 iret
805 3108 834 3165 ln
850 3106 979 3177 hostem,
1068 3120 1127 3175 880

156 3188 235 3263 „Seu
251 3187 420 3262 spumantis
435 3188 507 3261 equi
521 3189 639 3248 foderet
654 3189 824 3248 calcaribus
840 3206 952 3250 nrnros.

155 3273 249 3347 „ilem
265 3271 438 3331 miserande
453 3288 538 3347 puer,
554 3272 581 3332 si
596 3289 656 3347 qua
670 3274 731 3332 lata
747 3290 858 3347 aspera
873 3289 1016 3348 mmpas;

155 3358 218 3433 „Tu
230 3356 392 3416 Marcellus
404 3356 476 3417 eris.
510 3356 650 3417 Manibus
665 3358 735 3417 date
751 3358 812 3417 lilia
827 3358 940 3433 plenis;

154 3439 346 3516 „Purpureos
362 3457 506 3517 spargam
521 3440 623 3512 dores,
640 3442 832 3519 animamque
847 3442 968 3517 nepotis

154 3524 227 3599 „llis
243 3527 349 3585 saltem
365 3527 553 3586 accumulem
568 3525 665 3599 dome,
682 3537 712 3588 et
722 3528 832 3603 fungar
847 3527 927 3585 inani
1066 3540 1123 3596 885

154 3608 330 3679 .,Munere.“
365 3609 416 3670 Sic
431 3617 494 3670 lota
509 3610 623 3686 passim
637 3612 761 3687 regione
778 3618 925 3686 vagatntur

154 3692 245 3752 Aeris
260 3694 290 3753 ln
305 3694 422 3769 campis
438 3694 515 3767 latis,
531 3702 622 3770 atque
637 3697 738 3755 omnia
754 3697 890 3756 lustrant.

155 3773 238 3847 Quae
255 3786 419 3853 postquam
433 3778 586 3837 Anchises
601 3778 700 3838 nalum
717 3795 772 3854 per
786 3779 907 3852 singula
922 3776 1021 3857 duxit,

154 3858 352 3937 incenditque
366 3863 499 3921 animum
515 3864 612 3923 tarinae
627 3866 775 3925 venientis
790 3878 909 3933 amore;
