2326 3780
423 144 535 207 cittis.
898 137 963 204 368

135 310 162 356 1r
176 311 216 356 ex
230 294 311 356 omni
325 294 489 357 verbomm
503 295 613 357 iniuria
627 297 717 373 dicto,

135 379 246 455 ulgenli
261 380 446 455 depromens
460 380 521 440 tela
534 380 685 456 pharetra,

134 465 210 524 nium
224 470 355 523 mentem
369 471 400 523 et
412 463 538 524 nimium
553 464 699 524 irritantis
712 462 791 540 visu,
911 472 963 527 loo

134 567 139 605 r
154 549 184 606 in
198 554 302 607 tenero
316 546 466 608 defixerat
479 548 581 608 omnia
594 555 704 608 mente.

135 631 194 690 mul
208 646 245 690 sc
261 631 347 691 venis
362 630 464 692 hausit
478 631 651 692 sitientibus
666 633 776 708 ignem,

135 731 188 776 ‚um
202 714 324 790 penitus
337 716 478 791 concepit
490 715 521 775 in
538 731 611 776 ossa
627 717 776 777 lurorem=

134 801 202 860 relut
215 798 326 873 gelidis
340 797 481 859 Edonum
493 799 631 860 Bistonis
647 801 728 879 oris,¹

134 882 279 943 tarbarico
295 881 425 958 Cybeles
440 883 574 943 antistite
586 882 681 958 buxo,
912 891 964 945 165

134 968 212 1040 uirgo
227 972 291 1027 tote
303 964 470 1027 bacchetur
482 968 513 1027 in
528 966 613 1041 urbe,

133 1066 211 1109 rcce·
220 1050 313 1109 Idseo
328 1047 493 1124 flagrantes
508 1052 601 1110 tincto
616 1051 754 1126 capillos,

145 1149 207 1194 non
221 1132 335 1194 teneris
349 1133 481 1208 pedibus
496 1134 644 1210 Sicyonia
660 1150 798 1212 servans,

132 1233 174 1278 reo
190 1217 324 1276 retinens
336 1214 466 1276 bacculo
478 1218 604 1278 monilia
618 1219 708 1279 collo.
771 1286 775 1293 ,

144 1300 186 1359 illi
201 1301 316 1358 incerto
330 1299 484 1373 trepidant
496 1302 627 1375 vestigia
641 1317 748 1362 cursu=
912 1311 965 1367 llo

131 1384 201 1443 edit
215 1382 331 1457 patrios
346 1381 538 1442 adscendere
551 1384 672 1458 perdite
684 1401 800 1460 muros,

131 1483 177 1541 [ue
192 1465 264 1524 lecit
279 1480 403 1524 causam
417 1480 453 1525 se
467 1465 570 1527 visere
584 1472 699 1537 turres;

131 1550 212 1609 edam
225 1548 328 1609 tristes
342 1549 472 1609 volvens
486 1549 516 1608 in
531 1556 622 1609 nocte
637 1552 789 1627 querelas,

131 1650 139 1693 s
154 1649 193 1692 ex
208 1632 277 1692 eltis
291 1632 370 1692 coeli
385 1633 560 1707 speculatur
574 1649 718 1707 amorem,

130 1733 174 1793 pue
189 1722 366 1792 prospectet
380 1716 495 1776 crebris
509 1717 641 1777 lucentis
654 1717 795 1780 flammis.
914 1725 964 1781 17⁵

130 1803 209 1861 olum
223 1800 317 1873 novit,
332 1815 436 1859 cerum
450 1816 512 1859 non
526 1801 654 1876 respicit
667 1818 782 1878 aurum,

129 1893 195 1961 pule
210 1890 320 1945 sonant
333 1883 416 1943 tenui
432 1884 578 1958 psalteria
590 1885 716 1960 chorda,
777 1944 779 1949 .

129 1985 202 2045 iyco
218 1968 326 2028 molles
341 1967 526 2043 plauduntur
538 1969 660 2044 pectine
674 1971 761 2030 telae.

129 2055 159 2113 in
176 2068 229 2113 ore
242 2052 352 2112 rub0r=
374 2050 427 2111 ubi
441 2052 523 2112 enim
535 2054 639 2129 mbor‚
655 2054 757 2114 obstet
770 2052 876 2115 amori.

128 2138 175 2198 rbi
189 2137 272 2197 nulla
285 2136 374 2197 malis
388 2137 503 2210 reperit
517 2136 629 2197 solatia
642 2137 743 2211 lentis,
914 2144 967 2199 illo

128 2223 246 2295 lamque
259 2219 420 2281 videtlobi
435 2221 627 2296 perviscera
642 2228 784 2281 morienne

131 2312 180 2364 cat
194 2306 239 2364 ire
253 2304 349 2379 dolor,
365 2303 508 2379 subigunt
523 2321 584 2380 quo
599 2306 725 2365 tendere
739 2304 810 2378 ictu

138 2396 169 2448 et
182 2387 318 2448 horribili
333 2402 484 2463 praeceps
499 2389 664 2465 impellitur
679 2396 792 2461 oestro,

128 2473 166 2545 is,
182 2472 222 2530 ah
236 2472 373 2546 demens,
389 2472 503 2531 crimen
517 2479 548 2532 te
562 2473 677 2533 vertice
691 2474 783 2533 lerrel

127 2571 185 2631 que
198 2554 482 2639 argutoldetonsum
495 2557 626 2618 mitteret
639 2557 746 2618 hosti·
915 2566 967 2619 185

127 2656 145 2699 e
159 2639 237 2699 haec
251 2638 385 2700 conditio
400 2639 531 2701 miserae
545 2642 726 2718 proponitur
738 2657 837 2715 una-,
891 2708 900 2725 .

129 2740 149 2784 a
163 2723 324 2800 ignorans:
345 2722 413 2798 quis
429 2740 490 2784 non
504 2724 605 2787 bonus
616 2726 719 2787 omnia
733 2724 818 2783 malit

126 2824 149 2881 e,
167 2825 257 2885 quem
272 2806 347 2867 tenti
361 2808 488 2869 sceleris
502 2810 649 2870 damnare
663 2810 818 2885 puellnmo

125 2908 190 2953 men
205 2892 312 2953 inlelix
324 2924 337 2934 ·
354 2892 427 2967 quid
442 2893 522 2954 enim
536 2891 741 2968 imprudentis
754 2885 925 2962 prodest?-

125 2984 190 3051 tter‚
207 2977 265 3050 cui,
280 2976 400 3052 direpte
414 2976 578 3036 crudeliter
589 2975 673 3041 urbe,
918 2973 970 3027 llio

124 3060 143 3119 il
155 3076 219 3120 une
231 3076 326 3136 super
340 3061 435 3121 sedes
448 3058 480 3117 in
494 3057 628 3117 turribus
642 3054 722 3125 eltis,

124 3166 127 3196 t
141 3142 192 3201 ubi
206 3150 361 3205 exstructo
377 3141 483 3218 possis
498 3137 661 3199 considere
674 3134 758 3194 nido.

124 3241 194 3299 ique
207 3226 275 3288 uvis
288 3227 434 3287 morierez
457 3222 542 3282 dabit
555 3220 608 3280 tibi
623 3219 686 3278 lilio
700 3230 828 3293 poenas

123 3316 158 3381 le,
174 3323 193 3369 o
208 3310 333 3382 celeres,
349 3307 501 3370 subnixae
515 3303 647 3364 nubibus
663 3302 741 3375 ullis,

122 3409 204 3467 uere,
221 3408 301 3469 quoe
313 3392 429 3455 virides
444 3389 541 3451 silvas
555 3389 706 3463 lucosque
719 3388 866 3445 sonantes
922 3386 971 3442 let
