2326 3780
363 130 557 193 AENEIDOS
578 132 651 193 LIB.
666 134 705 191 V.
956 127 1018 193 175

63 289 260 366 „Venissemz
282 301 339 346 nec
354 285 436 345 dona
449 289 581 345 moror.“
619 284 670 345 Sic
686 284 797 345 deinde
812 285 931 345 locutus
966 292 1020 345 400

62 377 97 434 ln
112 373 246 432 medium
259 371 398 446 geminos
412 370 535 429 immani
549 370 689 445 pondere
704 376 807 429 cestus

62 457 200 532 Proiecit,
217 455 327 532 quibus
342 469 413 514 acer
426 453 512 530 Eryx
525 454 556 513 in
571 453 690 528 proelia
705 461 811 514 suetus

62 543 154 602 Ferre
167 557 289 600 manum
303 539 443 613 duroque
457 537 614 597 intendere
627 537 754 597 brachia
769 544 866 611 tergo.

64 625 254 700 Obstupuere
269 623 376 683 animi:
398 629 549 683 tantorum
563 621 696 697 ingentia
710 629 829 697 septem

62 710 159 784 Terga
172 710 265 769 boum
278 706 403 783 plumbo
418 706 519 767 insuto
535 707 678 781 ferroque
692 705 839 780 rigebant.
965 712 1019 766 lob
1037 780 1040 787 Ι

61 795 142 854 Ante
158 808 264 853 omnes
278 798 380 868 stupet
393 791 462 867 ipse
475 791 581 861 Dares,
596 791 751 865 longeque
763 797 901 860 recusam

61 877 336 953 Magnanimusque
349 874 554 935 Anchisiades
569 881 599 933 et
612 874 735 951 pondus
747 881 778 934 et
791 875 861 949 ipsa

61 963 130 1022 Huc
144 962 215 1022 illuc
231 961 398 1021 vinclorum
411 957 560 1019 immensa
573 959 730 1019 volumina
743 965 856 1017 versat.

61 1046 137 1106 Tum
152 1046 255 1106 senior
268 1045 346 1104 tales
360 1043 512 1104 referebat
525 1049 651 1119 pectore
667 1058 777 1103 voces:

62 1129 168 1205 „Quid
185 1129 211 1189 si
227 1129 295 1204 quis
311 1135 415 1189 cestus
429 1128 527 1203 ipsius
542 1133 572 1186 et
584 1127 723 1187 Herculis
739 1142 824 1185 anna
965 1132 1020 1187 tlt)

62 1213 228 1289 „Vidisset
243 1213 422 1287 tristemque
435 1213 495 1273 hoc
509 1212 579 1287 ipso
594 1211 624 1270 in
639 1211 728 1272 litore
741 1216 896 1286 pugnam?

63 1296 165 1372 „Haec
180 1312 342 1370 germanus
356 1296 442 1370 Eryx
456 1295 611 1370 quondam
625 1300 696 1356 tuus
710 1310 794 1354 armo
808 1291 945 1368 gerebat-

63 1379 237 1453 „Sanguine
252 1379 352 1437 cernis
367 1378 467 1439 adhuc
482 1393 654 1453 sparsoque
668 1378 780 1437 inlecta
794 1376 944 1436 cerebro.

63 1462 136 1537 „His
152 1477 295 1536 magnum
309 1461 439 1520 Atriden
454 1467 559 1521 contra
573 1461 669 1532 stetit;
692 1461 740 1520 his
756 1476 813 1535 ego
829 1467 943 1532 suetus,

63 1545 161 1620 „Dum
174 1544 282 1604 melior
294 1544 377 1604 vires
393 1544 517 1620 sanguis
533 1543 634 1618 dabat,
649 1544 769 1604 aemula
782 1545 913 1603 necdum
965 1553 1020 1606 415

62 1627 281 1704 „Temporibus
296 1628 425 1704 geminis
441 1627 569 1687 canebat
584 1644 694 1703 sparsa
707 1633 859 1687 senectus.

62 1711 147 1788 „Sed
161 1713 188 1772 si
203 1719 309 1772 nostra
322 1711 419 1772 Dares
434 1710 511 1771 haec
524 1712 632 1771 Troius
647 1727 731 1771 arma
745 1717 874 1782 recusat,

10 1866 17 1881 Ι
62 1797 178 1871 „idque
193 1797 245 1871 pio
261 1797 349 1856 sedet
361 1799 496 1871 Aeneae,
511 1795 621 1872 probat
635 1803 741 1855 auctor
753 1798 900 1868 Acestes3

61 1882 260 1957 „Aequemus
273 1896 409 1957 pugnasr
430 1880 540 1956 Erycis
555 1879 609 1940 tibi
621 1888 707 1955 terga
721 1879 853 1939 remitto-

62 1963 177 2040 „Solve
191 1971 313 2038 metus,
329 1971 360 2025 et
372 1971 404 2025 tu
416 1963 565 2025 Tr0ianos
581 1979 660 2026 exue
676 1960 809 2024 c'estus.“
966 1972 1024 2025 4·ὶο

59 2049 146 2108 Haec
159 2049 239 2109 latus
255 2048 408 2124 duplicem
423 2064 463 2108 ex
476 2049 610 2109 humeris
625 2047 730 2108 reiecit
744 2048 893 2120 amictum,

59 2133 99 2192 Et
111 2148 240 2208 magnos
254 2132 459 2193 membromm
472 2140 566 2205 artus,
581 2149 692 2207 magna
707 2149 781 2193 ossa
795 2133 988 2208 lacertosque

59 2216 161 2289 Exuit,
177 2223 269 2291 atque
283 2217 392 2292 ingens
406 2217 508 2277 media
522 2217 662 2277 consistit
676 2232 778 2277 arena.

60 2299 137 2358 Tum
151 2306 236 2360 satus
250 2300 388 2361 Anchisa
403 2309 506 2362 cestus
520 2308 608 2378 pater
622 2301 728 2361 extulit
743 2315 869 2376 aequos,
903 2320 906 2325 ’

60 2382 99 2441 Et
112 2381 237 2457 paribus
252 2384 370 2457 palmas
385 2385 543 2445 amborum
557 2385 694 2446 innexuit
707 2387 809 2445 armis.
966 2394 1021 2447 tit>

64 2465 204 2526 Constitit
217 2467 248 2525 in
263 2466 374 2541 digitos
390 2471 543 2545 extemplo
558 2477 693 2530 arrectus
708 2472 845 2544 uterque,

58 2550 252 2625 Brachioque
266 2551 308 2610 ed
321 2566 451 2627 superas
466 2554 618 2614 interritus
634 2553 739 2614 extulit
755 2570 855 2614 auras.

58 2635 229 2695 Abduxere
243 2642 324 2695 retro
338 2636 429 2711 longe
444 2638 545 2713 capita
559 2639 657 2713 ardua
672 2637 710 2698 ab
726 2639 795 2713 ictu,

26 2764 29 2769 .
59 2721 296 2794 lmmiscentque
310 2735 418 2781 manus
433 2722 583 2794 manibus,
599 2738 795 2799 pugnamque
810 2724 972 2791 lacessunt,

60 2805 113 2862 ille
127 2804 242 2879 pedum
254 2805 364 2866 melior
376 2812 461 2866 motu
475 2807 631 2882 fretusque
646 2807 778 2879 iuventa,
964 2812 1023 2866 tite

57 2889 115 2946 Hic
130 2887 273 2948 membris
289 2895 320 2948 et
333 2890 414 2948 mole
427 2891 551 2962 volens3
575 2891 632 2950 sed
647 2891 735 2950 tarda
748 2889 886 2950 trementi

59 2972 166 3031 Genua
181 2970 291 3048 labant,
306 2980 413 3033 vastos
428 2975 523 3049 quatit
537 2990 629 3050 aeger
642 2974 793 3034 anhelitus
808 2979 901 3032 artus.

58 3055 154 3115 Multa
167 3055 224 3114 viri
238 3057 446 3132 nequidquam
460 3058 538 3119 inter
553 3074 588 3119 se
604 3059 729 3119 vulnera
743 3058 863 3131 iactent,

58 3139 153 3200 Multa
168 3154 245 3199 cavo
260 3140 347 3201 lateri
360 3142 553 3218 ingeminant,
570 3148 599 3202 et
613 3148 738 3217 pectore
755 3146 860 3199 vastos

58 3224 138 3283 Dant
153 3223 282 3297 sonitus,
298 3232 440 3301 erratque
455 3242 544 3287 aures
560 3232 590 3286 et
603 3232 745 3302 tempora
757 3225 881 3284 circuis
979 3230 1040 3279 aas

59 3307 173 3367 crebra
186 3322 303 3382 manus,
320 3310 396 3371 duro
412 3311 565 3388 crepitant
580 3310 640 3372 sub
654 3311 794 3371 uoluere
804 3305 930 3364 malae.

53 3392 121 3452 Stat
131 3392 238 3467 gravis
248 3390 397 3472 Entellus
415 3398 557 3477 nisuque
573 3398 733 3460 immotus
748 3392 879 3456 eodem
