2326 3780
156 164 222 231 374
428 159 462 220 Ρ.
482 158 646 221 VIRGILII
665 160 859 223 Maeonis

155 319 258 391 Datur,
274 310 408 391 superbe
421 314 578 389 Noctuine,
594 330 687 390 quarn
702 315 800 390 petis.

157 401 229 475 Sed,
245 415 263 460 o
278 398 411 476 superbe
424 398 581 471 Noctuine,
599 414 662 459 non
674 400 771 461 vides

156 486 240 545 Duas
254 482 370 543 habere
383 482 463 545 filias
478 483 612 555 Atilium,

156 570 250 641 Duas,
266 574 298 629 et
309 566 390 627 hanc
404 574 434 627 e!
448 568 582 638 alteram,
596 565 652 626 tibi
666 565 745 625 deri.

157 653 275 712 Adeste
289 666 380 724 nunc,
397 651 517 711 adeste=
540 650 631 725 ducit,
645 656 679 709 ut
693 650 798 726 decet,

158 733 326 811 Superbus,
342 750 425 810 ecce,
439 735 605 795 Noctuinus
618 735 779 795 herneam.

157 819 333 881 Thalassio!
353 818 528 880 Thalassio!
551 818 726 878 Thalassio!

528 1046 570 1108 IN
588 948 742 1109 hyalon.

160 1150 265 1209 lacere
278 1162 337 1221 me,
353 1145 438 1221 quod
451 1146 513 1206 alta
527 1164 590 1208 non
604 1164 742 1223 possum,
757 1157 869 1225 putas,

201 1232 241 1291 U!
255 1237 334 1303 ante,
350 1230 463 1289 veetari
478 1230 565 1305 freta,

159 1316 222 1375 Nec
237 1314 316 1373 lerre
331 1312 441 1375 durum
456 1314 553 1390 frigus
568 1322 620 1376 aut
633 1323 752 1376 aestum
766 1318 848 1392 pati,

201 1398 307 1473 Neque
321 1414 406 1459 arma
419 1399 546 1461 victoris
560 1400 659 1476 sequi.

120 1516 128 1529 κ
159 1484 279 1559 Valent,
294 1482 399 1544 vilent
412 1483 486 1543 mihi
499 1485 546 1545 ira
559 1491 590 1545 et
603 1485 747 1560 enliquus
762 1483 865 1560 furor,

201 1566 239 1626 Et
252 1566 365 1641 lingua,
381 1583 443 1643 qua
456 1567 575 1629 adsiem
589 1569 651 1641 tibi,

158 1655 198 1715 Et
212 1652 392 1731 prostitutae
406 1658 496 1729 turpe
510 1653 742 1717 contubernium
815 1678 819 1683 ·
866 1690 869 1695 -

205 1738 338 1799 Sororis.
367 1734 391 1797 0
408 1737 483 1813 quid
496 1754 545 1797 me
559 1738 690 1798 incitas!

161 1822 249 1897 Quid,
266 1820 419 1896 impudice
434 1828 464 1881 et
477 1820 677 1897 improbanda
692 1821 843 1881 Caesari!

204 1904 268 1965 Sed
283 1905 364 1965 iurta
377 1904 516 1964 dicantur
528 1910 589 1980 tua,

161 1990 200 2049 T!
213 1989 422 2051 heluatosero
435 1989 618 2064 patrimonio

204 2073 239 2131 In
254 2072 346 2132 noue
361 2073 559 2147 parsimonia,

161 2157 221 2217 Vel
235 2163 304 2216 acta
318 2170 415 2231 puero
431 2171 500 2217 curn
514 2156 588 2217 viris
604 2156 755 2231 convivia,

203 2240 354 2314 Udaeque
367 2253 424 2315 per
437 2255 579 2301 somnum
593 2247 690 2315 nates,

161 2325 199 2385 Et
212 2325 309 2384 inscio
325 2328 451 2399 repente
466 2324 627 2384 clamatum
641 2340 736 2403 super

203 2407 372 2481 Thalassio,
388 2407 558 2469 Thalassio.

162 2490 241 2566 Quid
255 2492 400 2566 palluisli,
416 2492 550 2553 femina!
570 2508 610 2551 an
624 2491 684 2551 ioci
699 2492 829 2551 dolent!

202 2576 252 2634 An
266 2575 347 2633 facta
361 2576 525 2649 cognoscis
540 2582 612 2635 tua!

161 2658 229 2719 Non
243 2673 292 2718 me
306 2658 434 2718 vocabis
450 2660 578 2734 pulchra
591 2676 648 2735 per
661 2658 794 2735 cotyttia

203 2742 255 2801 Ad
268 2741 394 2801 feriatos
409 2742 564 2813 iascinos;

160 2824 224 2885 Nec
239 2825 309 2885 dein
324 2840 449 2886 movere
463 2826 630 2888 lumbosin
644 2827 803 2887 crocotula

203 2908 326 2970 Prensls
340 2909 454 2972 videbo
469 2911 624 2983 altaribuS,

159 2990 348 3068 Flauumque
362 3001 488 3070 propter
500 2995 645 3072 Thybrim
660 2995 778 3057 olentes
793 2998 964 3063 nauticum

203 3076 333 3149 Vocare,
347 3076 401 3136 ulti
415 3080 566 3154 appulsae
580 3086 662 3139 rates

161 3158 248 3219 Stant
262 3160 292 3219 in
306 3160 396 3220 vadis
411 3177 509 3222 coeno
524 3168 660 3224 retentae
674 3162 802 3223 sordido

201 3242 366 3320 Macreque
380 3245 529 3307 luctantes
543 3262 641 3322 aqum

159 3323 265 3401 Neque
279 3327 310 3387 in
325 3328 456 3389 culinam
470 3336 500 3390 e!
513 3338 606 3399 uncta
619 3328 793 3406 compitalia

201 3408 369 3489 Dapesque
384 3413 479 3475 duces
495 3415 650 3488 sordidas,
