2326 3780
103 154 183 211 xxx
428 116 738 209 rnraonucmol

102 307 196 363 subtili
210 304 312 360 iudicio
323 305 449 376 ornavit,
470 310 501 360 ut
511 320 598 361 verae
610 305 742 360 orationis
753 308 881 378 poeticae
892 309 1018 363 sormam
1029 311 1071 365 iu-

104 390 254 459 dolemque
271 391 437 462 plerumque
454 389 603 461 diligenter
614 396 776 460 servarent,
798 407 891 462 neque
903 392 942 447 ad
952 395 1071 465 sequio-

103 490 165 531 rum
186 478 333 543 poetarum
348 473 540 529 Romanorum
559 474 652 528 labem
675 473 887 544 deliberentur,
910 476 959 546 qui
982 478 1070 534 nimio

102 557 169 613 artis
184 556 342 614 rhetoricae
359 558 450 612 studio
461 557 570 628 abrepti
582 558 715 613 orationis
726 560 854 630 poeticae
867 555 1070 632 oratoriaeque

103 641 266 697 discrimina
275 641 376 696 mirum
384 645 517 712 quantum
528 641 715 697 contuderunt
723 648 750 699 et
757 644 947 699 obliterarunt
971 644 1069 712 Quan-

101 731 200 797 topere
211 742 281 783 vero
292 726 426 797 Virgilius
440 741 589 795 sermone,
610 741 694 796 quem
711 727 740 781 in
755 728 923 782 carminibus
939 729 1001 784 suis
1020 745 1068 785 ex·

100 809 203 880 hibuit,
224 809 416 865 Romanorum
432 809 546 881 ingenio
563 809 718 880 studiisque
736 812 915 881 satisfecerit,
938 813 988 867 vel
999 814 1068 869 inde

101 899 235 966 apparet,
257 894 334 965 quod
348 894 495 964 aequiores
508 899 611 965 poetae
625 893 708 949 huius
726 912 886 951 sermonem
900 911 957 950 non
972 899 1067 952 solum

101 978 140 1033 ad
156 994 243 1032 unum
256 994 354 1033 omnes
368 977 480 1046 imitati,
502 977 555 1032 sed
571 984 678 1033 tantum
696 980 779 1035 etiam
794 979 922 1034 admirati
934 986 1015 1051 sunt,
1037 985 1067 1035 ut

101 1060 205 1118 Statius
225 1061 307 1117 Theb.
324 1060 383 1117 XII.
401 1061 473 1122 816.
493 1063 676 1117 exclamareta
697 1078 750 1119 nec
767 1069 797 1119 tu
811 1065 930 1119 divisam
940 1064 1065 1120 Aeneida

100 1150 189 1215 tenta,
210 1146 264 1201 sed·
274 1147 353 1218 longe
367 1160 481 1219 sequere
497 1153 524 1201 ct
536 1149 647 1218 vestm
657 1161 769 1220 semper
778 1149 876 1204 odora.
920 1146 1065 1214 Quemad-

101 1230 216 1285 modum
237 1229 321 1301 igitur
341 1227 440 1285 Cicero
458 1245 574 1301 prosam
589 1231 744 1286 orationem
757 1231 914 1287 Romanam
931 1233 1064 1303 excoluit,

101 1314 138 1368 ita
148 1313 282 1385 Virgilius
292 1315 434 1385 poeticum
447 1330 608 1369 sermonem
620 1315 657 1370 ad
670 1320 772 1371 tantam
782 1316 985 1389 perlectionem
995 1332 1065 1387 pro-

84 1452 87 1459 ,
101 1397 202 1465 movit,
225 1402 254 1451 ut
270 1414 327 1454 non
344 1396 429 1455 modo
439 1398 530 1469 poetis
541 1398 676 1454 Romanis
689 1401 822 1455 orationis
833 1414 961 1455 normam
973 1399 1064 1469 daret,

100 1482 153 1536 sed
164 1482 301 1552 prosaicis
314 1483 397 1538 etiam
407 1484 588 1554 scriptoribus
600 1485 698 1554 multa,
714 1501 787 1555 quae
798 1485 980 1552 imitarentur,
995 1500 1064 1557 sup·

100 1564 246 1636 peditaret.
280 1566 311 1621 ln
327 1568 495 1623 carminibus
516 1567 698 1623 Bucolicis
713 1569 848 1641 Virgilius
865 1574 1065 1641 argumentum

101 1654 129 1704 et
148 1666 281 1723 magnam
302 1653 435 1708 materiae
456 1657 565 1725 partem
584 1669 602 1707 a
623 1647 771 1708 Theocrito
794 1652 907 1722 sumsit,
926 1653 1016 1708 veluti
1035 1653 1065 1707 in

99 1732 206 1808 Ecloga
229 1736 355 1791 secunda
378 1736 517 1792 Theocriti
537 1737 618 1808 ldyll.
638 1737 683 1791 lll.
700 1737 748 1791 XI.
761 1742 788 1791 et
797 1734 911 1804 xxxi,
935 1736 965 1790 in
980 1736 1065 1792 tertia

99 1815 181 1892 Idyll.
199 1820 247 1875 IV.
268 1826 295 1876 et
309 1819 363 1889 V.,
383 1821 413 1875 in
431 1822 527 1892 quinta
543 1819 625 1891 idyll.
637 1821 658 1874 I.
671 1826 698 1876 et
708 1821 782 1888 VIL,
804 1821 833 1875 in
844 1821 965 1893 septima
979 1821 1064 1892 idyll.

99 1904 148 1957 Vl.
162 1904 283 1974 civili,
304 1905 334 1959 in
350 1910 452 1960 octava
469 1905 510 1959 ld.
530 1904 562 1958 Π.
575 1910 602 1958 et
617 1905 677 1971 111„
699 1906 728 1959 in
745 1904 856 1961 decima
866 1905 948 1976 idyll.
961 1904 984 1959 Ι.
997 1911 1064 1961 ante

100 1988 197 2042 oculos
211 1986 324 2054 habuit,
344 1988 374 2041 in
391 1988 492 2041 ceteris
509 1987 635 2056 singulos
647 1986 787 2042 Theocriti
798 2006 899 2045 versus
911 1989 1063 2059 expressit.
1079 2019 1086 2036 ›

100 2067 141 2125 Gi.
160 2068 297 2123 Genisset.
316 2066 447 2123 Mamers
464 2071 586 2124 oratoiw
607 2071 642 2125 de
659 2071 798 2144 l'Eclopue
815 2074 849 2128 de
869 2072 959 2143 Virpil
969 2073 1062 2141 [Paris

99 2152 205 2220 anllL]
223 2156 250 2206 et
267 2150 392 2206 German
406 2151 507 2209 Melett.
522 2152 692 2211 Thomnens.
712 2153 810 2229 [Halae
828 2153 931 2231 1822]
950 2155 1062 2227 p.179.

99 2251 162 2306 sqq.
199 2233 258 2291 Sed
270 2250 333 2290 eam
344 2237 490 2313 materiam
500 2243 646 2311 tantopere
658 2241 813 2296 immutavit
823 2245 849 2295 et
863 2240 901 2295 ad
914 2257 997 2295 suum
1010 2241 1062 2296 de-

98 2318 177 2376 flexit
187 2319 344 2389 consilium,
355 2325 384 2374 ut
395 2336 452 2376 non
463 2324 554 2378 solum
564 2339 582 2378 a
592 2323 740 2379 Theocrito
752 2325 867 2379 multum
878 2323 995 2379 distaret
1007 2325 1063 2380 sed

98 2404 172 2460 adeo
189 2404 219 2457 in
236 2404 378 2475 plerisque
395 2408 567 2479 argumentis
584 2424 602 2463 a
617 2408 754 2479 pastoritii
770 2408 901 2462 carminis
920 2413 1063 2465 naturast

98 2487 192 2543 indole
212 2487 368 2545 recederet.
403 2490 568 2547 Theocritus
584 2492 751 2564 plerumque
768 2492 863 2547 nativa
883 2492 1062 2563 simplicitate

97 2576 241 2644 pastorum
251 2573 352 2644 vitam,
371 2576 461 2646 qualis
473 2592 536 2631 esse
548 2576 634 2645 solet,
653 2575 816 2646 descripsit3
835 2575 970 2646 Virgilius
981 2577 1061 2634 vitae

98 2657 218 2713 rusticae
236 2673 337 2729 parum
352 2660 480 2715 curiosus
495 2662 625 2730 pastores
640 2658 745 2737 inducit
756 2660 854 2714 doctos
866 2662 1059 2733 urbanosque,

99 2741 206 2798 erudite
217 2744 373 2816 loquentes,
387 2759 440 2798 nec
451 2746 507 2796 tam
517 2741 656 2798 sentiendi
663 2743 860 2815 cogitandique
872 2743 1060 2815 simplicitate,

98 2842 183 2898 quam
193 2828 358 2899 politissima
369 2826 568 2881 sententiarum
573 2828 781 2900 verborumque
790 2828 929 2899 elegantia
941 2844 1060 2884 sacom-

96 2912 273 2968 mendantes.
295 2909 934 2983 01.Ηεγη.ᾱοοαηηὶηοΒαεοΙίεορ.3.-20.,
949 2910 1061 2969 Genthe

97 2996 126 3050 in
140 2996 202 3052 Vita
215 2995 309 3067 Virgil.
320 3010 349 3064 p·
358 2986 408 3051 14.
420 3008 482 3065 sqq.
495 2999 523 3049 et
532 2994 686 3068 hottinger.
698 2997 727 3052 in
738 2994 880 3068 Schriften
890 2996 942 3051 der
951 2994 1060 3053 Mann-

96 3079 176 3135 beim.
190 3075 371 3148 Geseltschaft
382 3076 447 3133 Vol.
461 3078 494 3133 V.
505 3076 593 3150 pao.
606 3098 650 3152 sq.
680 3080 776 3153 ltaque
785 3080 935 3152 Virgilius,
958 3081 1059 3137 sicar·

97 3164 179 3218 minis
196 3160 315 3216 bucolici
331 3160 455 3219 indolem
471 3166 603 3237 respicis,
626 3156 773 3222 Theocrito
795 3167 879 3236 longe
901 3163 990 3232 cedit3
1012 3166 1060 3223 sin

98 3246 230 3301 orationis
250 3244 417 3317 elegantiam
433 3262 468 3305 ac
479 3249 675 3320 splendorem,
696 3251 734 3307 illi
747 3256 821 3306 certe
831 3263 883 3320 par
893 3246 992 3303 haberi
1003 3267 1059 3321 po-

95 3330 166 3384 terit.
200 3327 336 3401 Scaliger.
346 3330 377 3387 in
384 3330 486 3389 Paetis.
493 3332 529 3388 V.
536 3331 565 3393 b.
579 3334 729 3391 etlleusel.
741 3336 769 3390 in
779 3334 852 3391 Dias.
865 3332 898 3387 de
911 3331 1059 3393 Theocrito

95 3418 123 3468 et
138 3411 232 3488 Virptt
239 3419 314 3489 poet.
326 3414 411 3473 bacol
444 3415 577 3490 [Gotting.
590 3416 692 3488 1766.]
711 3420 784 3475 adeo
800 3416 948 3487 Virgilium
970 3419 1058 3492 longe
