2326 3780
481 174 617 237 CULEX.

131 329 303 402 :fossasque
317 327 427 388 domos
442 344 479 388 ac
492 329 616 389 Tartara
628 335 719 388 nocte
733 335 857 390 cruenta

130 413 204 486 sita,
220 427 277 490 nec
293 411 399 472 faciles
414 412 491 472 Ditis
506 412 575 472 sine
587 412 689 471 iudice
703 413 805 487 sedes,

130 498 202 569 dice,
218 495 270 572 qui
283 495 366 555 vitae
379 503 452 572 post
466 502 594 557 mortem
607 495 742 557 vindicat
755 503 833 557 acta.

133 582 153 640 d
168 581 290 641 fortuna
301 580 410 640 umens
425 581 575 641 audacem
590 579 705 639 fecerat
717 587 797 640 anm.
976 592 1035 649 ²⁷5·

130 682 152 723 n
166 663 266 739 rapidi
281 669 427 723 steterant
440 679 555 738 amnes,
571 670 602 722 et
614 664 704 723 turba
718 665 850 725 ferarum

130 749 207 809 unda
221 762 300 807 voce
314 763 434 823 sequax
446 749 604 823 regionem
618 748 774 808 insederat
788 748 917 825 Orphei;

130 847 214 908 nque
227 832 319 890 imam
334 833 440 892 viridis
454 833 591 892 radicem
604 841 744 893 moverat
757 834 818 894 alte

130 932 225 978 lercus
240 916 347 976 humo:
370 924 517 977 steterant
527 932 648 991 omnes,
664 917 823 992 silvaeque
837 931 972 977 sonorae

129 1008 206 1061 onte
221 1017 277 1060 sua
291 1008 396 1062 cantus
413 1001 575 1076 capiebant
589 1001 703 1061 cortice
715 1018 820 1063 avara.
977 1012 1030 1067 080

129 1084 369 1160 ¹bennesbiiuges
386 1087 475 1145 etiam
490 1101 547 1161 per
561 1086 665 1145 sidera
677 1085 782 1147 Lunae

129 1170 202 1230 essit
216 1184 330 1244 equos:
354 1177 384 1229 et
397 1177 430 1230 tu
444 1178 610 1243 currentes,
626 1178 783 1234 menstrua
796 1172 901 1249 Virgo,

128 1254 236 1314 iditura
249 1255 356 1328 lyram,
370 1254 493 1314 tenuisti
507 1262 597 1314 nocte
610 1255 725 1315 relicta.

128 1354 171 1397 tec
186 1337 295 1396 eadem
309 1337 407 1411 potuit
420 1338 497 1397 Ditis
511 1345 542 1396 te
555 1339 680 1398 vincere
694 1341 817 1412 coniux,

128 1420 325 1497 lrydicenque
339 1420 418 1480 ultro
433 1420 606 1480 ducendam
619 1422 772 1482 redderet
791 1425 859 1485 Nou
872 1425 936 1486 fase
976 1433 1028 1489 tat

127 1522 155 1563 tn
171 1509 235 1562 erat
249 1503 380 1563 invictae
396 1504 486 1563 divae
501 1503 658 1563 exorabile
671 1515 801 1566 numen!

127 1603 144 1646 a
160 1587 291 1661 quidem,
307 1587 432 1647 nimium
445 1587 553 1647 Manes
568 1595 697 1663 experta
710 1604 849 1666 severos,

128 1677 288 1746 acceptum
305 1671 523 1745 signabantur,
538 1688 597 1731 nec
611 1673 713 1732 retulit
725 1674 806 1734 intus

126 1755 224 1830 imina,
239 1770 296 1814 nec
311 1756 401 1815 divae
417 1756 553 1831 corrupit
567 1772 693 1817 munera
706 1758 824 1832 lingua3

126 1840 152 1898 td
166 1845 199 1899 tu
214 1840 354 1914 crudelis,
371 1841 504 1900 erudelis
519 1848 552 1900 tu
566 1841 673 1915 magis,
690 1840 822 1918 Orphea
976 1851 1030 1907 290

126 1925 202 1984 acula
216 1939 288 1982 cara
302 1929 409 1999 petens
423 1925 531 2000 rupisti
546 1925 632 1985 iussa
646 1925 783 1986 deorum.

125 2023 204 2082 gnus
219 2023 306 2066 amor
317 2009 417 2084 venia,
432 2016 550 2084 gratum
565 2011 592 2069 si
606 2009 730 2070 Tartara
743 2017 872 2070 nossent

126 2099 248 2152 centum
262 2092 361 2154 minus
377 2108 448 2153 esse
462 2110 566 2168 grave.
600 2094 642 2154 At
655 2110 714 2155 nos
729 2094 805 2154 sede
819 2095 949 2170 piorum,

125 2193 151 2236 >s
167 2182 269 2236 manet
281 2176 409 2236 heroum
423 2186 529 2238 contra
543 2195 665 2238 manus,
696 2178 754 2237 Hic
768 2185 799 2238 et
811 2185 939 2255 uterque

125 2260 250 2334 {arides
264 2259 373 2321 Peleus
387 2278 520 2336 namque
535 2269 565 2322 et
577 2262 754 2322 Telamonia
765 2263 872 2340 virtus,
975 2269 1028 2327 295

125 2361 145 2402 tr
160 2358 269 2403 secura
283 2345 378 2418 patris
391 2347 541 2407 laetantur
554 2347 688 2421 numina,
704 2363 834 2422 quorum

125 2426 254 2486 innubiis
268 2427 376 2487 Venus
391 2435 420 2489 et
432 2430 537 2490 Virtus
552 2431 681 2490 iniunxit
694 2431 854 2491 honorem.

124 2526 175 2570 mc
191 2510 292 2584 rapuit
305 2526 411 2582 serum
434 2519 482 2573 ast
496 2514 580 2574 illum
593 2515 699 2574 Nereis
715 2516 837 2576 amavit

124 2595 217 2654 ssidet
229 2593 288 2653 hac
301 2595 429 2668 iuvenis,
445 2597 544 2657 sociat
558 2613 648 2673 quem
663 2601 768 2675 gloria,
783 2600 880 2675 lortis,

124 2694 179 2754 cer,
194 2678 388 2756 inexcussus,
403 2681 540 2742 referens
554 2698 573 2742 a
587 2683 716 2744 navibus
730 2685 818 2759 ignes
975 2692 1028 2746 300

124 2762 241 2840 egolicis
254 2762 405 2841 Pluygios
418 2772 507 2827 torva
521 2768 638 2849 feritate
651 2770 805 2844 repulsos.

129 2849 198 2925 quis
212 2862 274 2908 non
287 2849 400 2909 relerat
413 2850 482 2911 talis
498 2852 630 2914 divortia
642 2853 724 2928 belli,

123 2948 173 2992 rae
187 2930 296 2992 Troiae
309 2932 416 2993 videre
432 2935 496 3010 viri,
511 2937 681 3013 videreque
695 2935 786 3007 Graii,

122 3017 215 3076 eucria
228 3032 297 3076 cum
311 3032 422 3092 magno
437 3027 574 3080 manaret
588 3020 736 3094 sangiune
749 3018 849 3090 tellus,

122 3120 126 3158 ;
141 3099 252 3161 Simois
266 3100 442 3177 Xanthique
456 3104 569 3179 liquor,.
582 3103 734 3176 Sigeaque
748 3106 870 3176 praeter
973 3107 1026 3164 000

121 3190 191 3242 ,tora
206 3200 274 3245 eum
287 3185 384 3246 Troas
400 3188 485 3246 saevi
500 3187 587 3247 ducis
602 3185 741 3245 Hectoris
755 3185 802 3244 ira

121 3268 204 3326 idere
217 3269 248 3326 in
264 3269 381 3330 classes
395 3271 517 3330 inimica
528 3277 628 3330 mente
642 3269 788 3342 Pelasgas

121 3352 232 3422 ulnera,
248 3352 317 3426 tela,
330 3363 434 3430 neces,
448 3356 535 3430 ignes
549 3355 660 3415 inlerre
674 3360 809 3429 paratos.

120 3452 162 3496 sa
176 3435 256 3512 iugis
272 3438 404 3514 namque
418 3455 503 3500 arma
515 3446 623 3516 patens
638 3436 773 3510 feritatis,
788 3441 829 3557 ⁶}
831 3435 917 3512 ipsas
