2326 3780
145 192 188 259 86
414 190 447 253 Ρ.
468 191 630 252 VIRGlLll
649 186 824 251 Mauortis

187 348 291 422 Atque
303 343 382 405 haec
393 349 429 403 ut
441 342 532 404 certis
545 357 711 419 possemus
725 344 845 403 discere
860 341 970 418 signis,

146 432 323 505 Aestusquc
334 426 519 505 plumasque
532 434 563 487 ct
575 432 701 503 agentes
716 427 831 502 frigora
844 434 972 488 ventos:

146 515 218 591 lpse
230 512 319 574 Pater
333 512 444 587 statuit,
458 511 534 588 quid
546 517 703 573 menstrua
713 511 800 572 Luna
811 518 960 586 moneret,

147 599 212 673 Quo
227 598 315 674 siguo
330 598 474 658 cuderent
486 596 601 672 Austri,
616 596 691 672 quid
705 610 800 672 saepe
813 593 956 657 videntes

148 683 309 759 Agricolae
322 682 451 758 propius
465 678 592 740 stabulis
608 688 744 742 armenta
755 686 902 740 tenerent
1052 690 1103 744 355

147 767 305 840 continuo,
322 765 421 825 ventis
436 763 639 839 surgentibus,
656 772 709 826 aut
722 766 800 824 freta
813 763 898 839 ponti

145 852 296 927 Incipiunt
310 850 422 925 agitata
434 856 605 910 tumescere
619 856 650 911 et
663 849 767 911 aridus
783 848 851 908 altis

145 934 300 996 Montibus
316 932 414 993 audiri
428 933 540 1008 fragor,
554 939 606 995 aut
618 933 795 995 resonantia
808 933 900 1007 longe

145 1020 250 1079 Litora
262 1017 385 1078 misceri
400 1024 430 1077 et
443 1032 600 1077 nemorum
614 1017 843 1078 increbrescere
857 1032 1002 1077 murmur.

144 1103 210 1163 Iam
224 1100 282 1162 sibi
296 1108 359 1162 bam
374 1117 393 1161 a
407 1101 508 1162 curvis
522 1101 603 1161 male
616 1109 766 1178 temperat
778 1100 862 1161 unda
876 1100 999 1175 carinis,
1049 1110 1103 1167 eoo

146 1187 244 1261 Quum
257 1185 359 1245 medio
374 1186 492 1246 celeres
505 1188 647 1248 revolant
660 1201 700 1246 ex
714 1199 850 1260 aequore
864 1185 959 1260 mergi

146 1271 377 1344 clamoremque
390 1270 491 1331 ferunt
504 1269 545 1330 ad
558 1270 656 1343 litora,
674 1283 828 1345 quumque
842 1268 979 1330 marinae

144 1355 180 1415 ln
195 1354 279 1414 sicco
294 1354 400 1414 ludunt
413 1354 532 1429 fulicae,
548 1361 700 1428 notasque
713 1354 844 1438 paludes

144 1438 266 1498 Deserit
279 1446 372 1513 atque
385 1439 478 1499 altam
491 1455 586 1515 supra
600 1439 684 1498 volat
697 1438 792 1498 ardea
806 1437 927 1497 nubem.

145 1521 247 1598 Saepe
262 1524 352 1583 etiam
366 1524 481 1598 stelles,
495 1530 588 1583 vento
603 1522 807 1598 impendente,
828 1518 949 1581 videbis
1050 1532 1100 1587 365

143 1605 329 1683 Praecipites
345 1608 432 1674 coelo
447 1606 517 1682 labi,
532 1608 694 1682 noctisque
708 1622 764 1681 per
778 1604 915 1666 umbram

143 1689 345 1752 Flammarum
358 1693 469 1768 longos
484 1697 603 1766 atorgo
618 1690 776 1752 albescere
789 1696 920 1759 tractus;

144 1773 246 1852 Saepe
260 1777 359 1837 levem
373 1776 494 1852 paleam
508 1781 540 1835 et
551 1774 678 1836 frondes
694 1775 822 1836 volitare
835 1772 980 1849 caducas,

142 1861 205 1921 Aut
218 1876 337 1923 summa
349 1859 600 1933 nantesinaqua
614 1860 768 1920 colludere
783 1858 912 1935 plumas.
1084 1932 1088 1939 ,

64 2018 68 2029 Ι
142 1944 184 2003 At
196 1944 315 2005 Boreae
329 1944 370 2004 de
383 1949 471 2019 perte
484 1942 579 2002 trucis
595 1959 688 2016 quum
702 1943 847 2015 fulminat,
864 1948 895 2000 et
909 1958 1006 2017 quum
1049 1953 1099 2009 ero

142 2027 276 2104 Eurique
286 2026 482 2102 Zephyrique
495 2031 580 2084 tonat
595 2025 721 2097 domus-3
745 2027 846 2087 omnia
860 2024 960 2101 plenis

141 2109 226 2170 Rura
238 2115 344 2171 natam
356 2107 461 2180 fossis,
477 2114 571 2184 atque
586 2109 684 2172 omnis
699 2112 803 2171 navita
814 2115 910 2187 ponto

141 2191 276 2253 Humida
287 2192 360 2253 vela
372 2192 453 2268 legit
488 2192 659 2269 Numquam
673 2193 916 2272 imprudentibus
930 2193 1031 2257 imber

143 2274 259 2338 Obfuita
281 2282 333 2337 aut
346 2276 431 2337 illum
443 2284 618 2353 surgentem
631 2279 762 2340 vallibus
778 2279 847 2339 imis

140 2360 487 2437 Aeriaefugeregmes,
503 2362 816 2425 autbuculacoelum
1047 2375 1096 2431 375

142 2443 322 2521 suspiciens
336 2446 448 2522 patulis
463 2447 597 2523 captavit
609 2447 735 2508 naribus
750 2462 849 2522 auras,

140 2531 202 2589 Aut
216 2535 322 2604 arguta
335 2530 421 2592 locus
436 2531 687 2593 circumvolitavit
700 2531 841 2603 hirundo,

140 2612 178 2673 Et
189 2620 325 2674 veterem
339 2615 370 2675 in
383 2615 456 2676 limo
470 2631 564 2676 ranae
578 2615 717 2675 cecinere
733 2614 897 2690 querelam.

141 2694 272 2774 Saepius
288 2705 318 2759 et
331 2700 419 2761 tectis
434 2697 641 2775 penetralibus
656 2700 762 2769 extulit
776 2715 836 2761 ova

138 2783 312 2859 Angustum
326 2783 454 2843 formica
466 2788 568 2843 terens
582 2783 647 2857 iter,
664 2789 694 2844 et
706 2783 782 2845 bibit
796 2782 903 2858 ingens
1046 2795 1097 2851 seo

139 2868 249 2943 Arcus,
265 2873 295 2927 et
308 2882 326 2927 c
341 2873 432 2942 pastu
447 2864 602 2927 decedens
617 2869 738 2943 agmine
751 2883 862 2943 magno
1025 2900 1028 2905 ·

141 2950 309 3012 corvomm
323 2949 473 3026 increpuit
487 2950 593 3013 densis
608 2953 761 3014 exercitus
776 2953 843 3014 alis.
958 2918 983 2979 0

138 3033 203 3093 lum
217 3034 320 3094 varias
335 3034 437 3109 pelagi
450 3035 603 3112 volucres,
617 3043 649 3097 et
662 3053 741 3114 quae
754 3037 832 3099 Asia
846 3026 961 3097 circum

137 3115 286 3177 Dulcibus
301 3117 333 3176 in
347 3118 464 3194 stagnis
478 3119 624 3183 rimantur
637 3129 724 3199 prata
739 3120 866 3199 Caystri,

140 3198 281 3261 Certatim
295 3201 398 3276 largos
412 3202 547 3266 humeris
561 3205 722 3268 infundere
735 3222 832 3280 rores,
1040 3216 1093 3273 ³8⁶

137 3282 225 3344 Nunc
240 3292 331 3361 caput
345 3286 498 3349 obiectare
511 3289 605 3365 frede,
621 3306 702 3353 nunc
717 3306 838 3352 currere
852 3289 884 3349 in
898 3290 1012 3367 undas,

137 3366 176 3429 Et
190 3369 292 3430 studio
306 3370 462 3435 incassum
474 3373 583 3437 videas
597 3374 711 3450 gestire
724 3374 858 3437 lavandi.

137 3449 214 3516 lbm
228 3455 333 3517 cornix
347 3457 440 3534 plena
453 3458 587 3535 pluviam
600 3466 692 3521 vocat
704 3458 844 3537 improba
856 3472 945 3535 voce,
