2340 4296
355 669 552 731 AENEIDOS
571 672 646 731 LlB.
660 672 710 733 tx.

64 826 195 889 Sustulit
207 838 243 885 cc
257 822 309 885 tali
323 824 487 899 rugientem
500 832 550 885 est
563 840 640 887 voce
655 832 796 885 secutusr

64 912 133 988 „lri,
148 910 244 969 decus
258 908 346 982 coeli,
363 909 432 985 quis
447 916 477 969 te
490 909 564 969 mihi
577 906 711 970 nubibus
726 916 824 969 actam

63 994 197 1073 „itetudt
209 992 241 1053 in
254 999 373 1053 terrast
391 992 474 1053 unde
488 992 565 1053 hacc
577 1000 641 1053 turn
654 994 737 1053 ctera
750 1001 877 1069 repente

63 1080 284 1157 „Tempestast
302 1076 437 1137 Medium
451 1077 543 1137 video
558 1078 719 1137 discedere
733 1079 862 1152 coctum,
988 1088 1024 1141 tt

63 1164 286 1241 „parantesque
299 1160 374 1238 poto
388 1160 504 1223 stciias.
540 1160 662 1237 Sequor
675 1161 778 1221 omina
791 1170 882 1237 tonte,

64 1246 229 1325 ,Quisquis
242 1246 273 1307 tn
287 1260 373 1305 armo
385 1250 512 1305 vocas.“
545 1245 583 1305 Et
597 1246 643 1305 sic
656 1244 767 1305 effatus
782 1246 822 1305 ad
836 1246 949 1307 undam

63 1331 225 1405 Processit,
240 1344 421 1404 summoque
435 1328 538 1390 hausit
553 1330 593 1389 dc
606 1330 725 1405 gurgite
739 1330 892 1407 lymphas,

63 1418 157 1477 Multa
172 1415 250 1475 deos
263 1430 367 1488 orans,
382 1414 584 1489 oneravitque
597 1414 722 1474 aethera
735 1415 826 1475 votis.

63 1503 189 1576 lamque
205 1498 304 1559 omnis
319 1498 437 1574 campis
452 1499 604 1558 exercitus
619 1496 682 1558 ibat
694 1498 819 1573 apertis,
986 1508 1022 1563 25

61 1586 157 1646 Dives
172 1585 295 1659 equum,
309 1582 399 1643 dives
414 1581 506 1658 pictai
521 1584 616 1643 vestis
631 1589 662 1643 et
675 1583 781 1643 auri:-

61 1670 226 1743 Messapus
241 1668 356 1743 primas
372 1666 464 1738 acics,
480 1674 637 1742 postrema
651 1670 794 1728 coercent

61 1752 231 1829 Tyrrhidae
245 1753 389 1821 invenes3
411 1751 514 1811 medio
529 1751 593 1811 dux
607 1754 728 1826 agmine
741 1752 860 1811 Turnus

64 1837 209 1911 [Vertitur
223 1852 307 1895 anna
321 1842 438 1908 tenens,
454 1842 486 1895 et
499 1842 562 1896 toto
576 1835 692 1895 vertice
707 1852 802 1911 supra
815 1840 891 1909 ests]
902 1868 916 1879 -

63 1921 126 1981 Ceu
140 1926 259 1995 septam
271 1934 402 1994 surgens
417 1919 534 1980 sedatis
548 1918 688 1980 omnibus
703 1921 783 1979 altus
987 1926 1023 1983 dt)

61 2004 121 2064 Per
132 2003 256 2063 taciturn
269 2002 401 2079 Ganges,
417 2012 470 2064 aut
484 2004 588 2081 pingui
602 2002 728 2063 flumine
741 2004 827 2064 Nilus

61 2087 162 2161 Quum
176 2083 277 2147 refluit
289 2088 406 2164 campis
421 2096 452 2147 et
465 2089 526 2147 iam
539 2102 576 2148 se
589 2087 727 2147 condidit
740 2088 840 2147 niveo.

62 2171 121 2229 Hic
135 2170 265 2230 subitam
279 2172 365 2247 nigro
379 2172 542 2247 glomerari
556 2173 685 2248 pulvere
698 2169 810 2232 nubem

62 2254 255 2330 Prospiciunt
267 2255 384 2327 Teucri,
400 2271 437 2316 ac
450 2254 593 2317 tenebras
607 2256 766 2331 insurgere
780 2255 907 2330 campis.

59 2338 179 2399 Primus
193 2338 232 2397 ab
247 2340 381 2401 adversa
393 2342 564 2401 concinrnat
576 2341 658 2401 mole
672 2339 796 2400 caicus=
987 2350 1021 2405 tt

60 2422 155 2498 „Quis
170 2422 290 2501 globus,
306 2440 324 2485 ο
338 2425 434 2497 cives,
450 2425 579 2500 caligine
592 2426 726 2485 volvitur
739 2430 826 2484 atrnt

60 2508 169 2584 „Ferte
184 2508 234 2568 citi
248 2508 370 2583 terrum,
386 2510 457 2569 date
470 2510 540 2583 teta,
556 2509 714 2570 ascendite
728 2524 847 2568 muros=

60 2592 186 2666 „Hostis
200 2592 299 2664 adest,
315 2593 400 2652 eiat“
431 2593 548 2669 ingenti
563 2594 697 2653 clamore
710 2608 766 2667 per
780 2608 888 2653 omnes

61 2676 204 2737 Condunt
217 2692 253 2737 sc
266 2676 375 2737 Teucri
389 2686 505 2753 portas,
521 2684 552 2737 et
565 2679 686 2737 moenia
700 2677 869 2751 conrpicntr

61 2759 199 2835 Namque
212 2760 254 2820 ita
268 2761 434 2822 discedens
448 2770 648 2839 praeceperat
660 2761 796 2837 optimus
810 2761 902 2822 annis
986 2770 1022 2826 to

61 2844 196 2917 Aeneas,
215 2845 242 2904 si
257 2861 320 2921 qua
333 2845 450 2907 interca
464 2848 585 2907 fortuna
598 2845 717 2917 fuisset,

62 2924 128 2987 Neu
143 2934 259 2989 struere
272 2930 421 2990 auderent
435 2930 541 3005 aciem,
554 2946 614 2990 ocu
629 2930 755 2989 credere
769 2944 895 3007 canrp03

62 3010 170 3073 Castra
183 3013 277 3073 modo
292 3021 323 3074 ct
335 3020 417 3074 tutos
433 3022 592 3075 servarent
605 3030 718 3091 aggere
731 3030 847 3077 muros.

59 3094 141 3169 Ergo
156 3098 215 3157 etsi
230 3098 371 3157 conterre
384 3114 506 3158 manum
520 3099 622 3176 pudor
635 3100 742 3174 iraque
756 3107 913 3175 monstrat,

59 3177 213 3241 Obiiciunt
226 3188 333 3258 portas
348 3188 459 3254 tamen,
474 3190 505 3243 et
518 3191 685 3261 praecepta
698 3186 865 3257 iacessunt,
988 3194 1022 3247 td

58 3264 240 3341 Armatique
254 3264 340 3326 cavis
355 3274 536 3343 exspectant
549 3268 684 3328 turribus
699 3269 829 3329 hostem.

58 3348 187 3421 Turnus,
201 3356 236 3410 ut
248 3357 319 3411 antc
333 3352 443 3411 voians
456 3353 577 3412 tardum
591 3360 805 3428 praecesserat
819 3367 937 3428 agmen,

58 3432 175 3506 Viginti
190 3434 277 3495 lectis
292 3436 427 3511 equitum
442 3436 601 3497 comitatus
617 3444 648 3496 ct
661 3436 729 3496 urbi

58 3515 250 3591 Improvisus
265 3519 368 3579 adestr
390 3521 518 3581 mccuiis
533 3536 625 3597 quern
639 3520 785 3579 Thracius
799 3516 879 3579 athis

57 3598 162 3661 Portet
176 3618 285 3677 equus,
301 3604 456 3681 cristaque
469 3605 544 3681 tegit
555 3608 645 3680 gaico
659 3620 753 3663 aurea
765 3602 866 3663 rubra.
988 3614 1024 3666 50

57 3684 194 3761 „Ecquis
208 3686 273 3761 erit,
287 3703 415 3763 mecum,
428 3689 566 3762 iuvenes,
583 3688 635 3765 qni
650 3687 766 3764 primus
779 3688 810 3747 in
823 3686 997 3749 hostem...t

56 3768 162 3843 „Ent“
184 3770 233 3843 ait,
249 3778 280 3831 et
292 3771 424 3833 iaculum
437 3780 615 3849 attorquens
630 3770 737 3833 emittit
750 3772 781 3832 in
796 3788 896 3847 auras,

55 3852 244 3929 Principium
258 3872 390 3932 pugnae,
405 3864 435 3918 et
450 3872 560 3933 campo
576 3872 648 3919 sese
662 3856 781 3919 arduus
792 3856 902 3919 inicit„

56 3937 200 3998 Otaniore
214 3940 369 4017 excipiunt
381 3942 469 4019 socii,
486 3944 676 4025 fremituque
690 3950 874 4023 sequuntur
