2326 3780
346 118 567 183 suobslcoll
586 120 659 182 LIB.
679 125 717 183 Π.
965 126 1007 191 45

55 278 210 339 lmbellem
224 272 337 336 averiis
351 272 498 335 Meuania
512 275 634 336 arcibus
647 275 765 336 Indum.

57 362 286 437 Salve,.magna
298 373 411 434 pareus
426 359 554 434 burgum
570 359 712 420 Saturnia
725 362 825 436 tellus,

56 447 168 522 Magna
177 445 291 505 virumz
312 442 367 503 tibi
381 457 432 502 res
447 443 592 518 autiquae
605 445 706 507 laudis
717 451 751 505 el
764 448 837 507 artis

56 529 224 607 ingredior,
240 534 365 590 sanctos
380 543 474 589 ausus
491 528 652 589 recludere
665 530 775 604 lentes,
958 541 1008 594 175

57 616 289 690 Ascraeumque
304 626 382 672 cano
395 612 536 673 Romana
549 627 606 688 per
621 613 737 689 oppida
750 630 883 675 carmen.

99 699 185 758 Nunc
199 699 285 758 locus
300 711 442 756 arvorum
452 697 598 772 ingeniisr
621 699 828 773 quaerebam
841 700 961 777 cuique,

60 783 133 856 Quis
148 783 233 843 color
246 789 276 842 et
288 795 369 858 quae
383 781 423 841 sil
434 780 527 842 rebus
538 787 647 842 natura
661 782 806 844 ferendis.

58 866 206 927 Difficiles
221 866 350 942 primum
362 871 462 925 terrac
474 867 634 942 collesque
647 867 779 944 maligni,

57 952 168 1012 Tenuis
183 951 237 1012 ubi
250 950 357 1026 argilla
370 955 401 1010 et
414 949 554 1012 dumosis
569 951 704 1012 calculus
719 953 817 1012 arvis=
959 959 1011 1012 18⁰

55 1035 192 1096 Palladia
205 1035 339 1111 gaudent
353 1034 432 1094 silva
443 1034 560 1097 vivacis
577 1035 688 1097 alivae.

54 1120 172 1183 Indicio
188 1126 235 1181 est
248 1124 347 1180 tractu
360 1134 489 1193 surgens
503 1121 638 1180 oleaster
651 1119 762 1180 ecdem

54 1203 217 1278 Plurimus,
234 1211 263 1263 el
277 1203 364 1263 sirati
378 1202 483 1263 baccis
498 1204 690 1266 silvestribus
704 1204 780 1280 agri.

55 1289 98 1348 Al
112 1303 192 1362 quae
206 1287 330 1362 pinguis
344 1286 455 1346 humus
471 1287 613 1362 dulcique
627 1289 741 1363 uligine
756 1290 845 1363 laeta,

58 1372 177 1445 Quique
190 1371 335 1444 frequens
349 1368 454 1428 herbis
468 1377 499 1428 cl
513 1370 621 1430 fertilis
634 1372 729 1430 ubere
742 1386 883 1449 campus·
962 1377 1010 1434 185

58 1454 185 1527 Qualem
200 1468 295 1526 saepe
309 1466 386 1510 cava
398 1451 509 1511 mentis
525 1454 664 1513 convalle
679 1454 814 1516 solemus

57 1536 242 1610 Despicere=
264 1534 325 1594 hue
340 1534 466 1594 summis
480 1535 637 1610 liquuntur
649 1536 778 1621 rupibus
792 1552 908 1614 amnes,

57 1619 254 1694 Felicemque
267 1616 390 1678 nahum
402 1616 528 1694 limum,
544 1619 657 1695 quique
671 1620 772 1681 editus
785 1621 908 1694 Ausuc,

57 1706 96 1765 Et
110 1703 221 1763 filicem
237 1702 338 1763 curvis
353 1701 484 1762 invisam
498 1702 599 1779 pascit
612 1704 738 1774 matrim

57 1789 116 1850 Hic
130 1786 183 1846 tibi
196 1786 392 1862 praevalidas
409 1786 480 1846 olim
493 1787 652 1864 mutoque
666 1787 798 1849 fluentes
965 1796 1015 1849 190

59 1872 199 1934 Sufficiet
211 1871 335 1932 Baccho
350 1870 439 1944 vitas,
455 1871 505 1932 liic
519 1872 626 1933 fertilis
641 1887 731 1946 uvae,

56 1956 114 2017 Hic
129 1955 235 2029 laticis,
253 1956 373 2032 qualem
387 1956 503 2031 pateris
516 1952 647 2018 libamus
661 1964 693 2018 el
706 1971 791 2032 auro,

56 2040 181 2101 lnllavil
195 2055 288 2116 quum
300 2040 424 2115 pinguis
440 2041 516 2101 ebru
529 2040 706 2119 Tyrrhenus
721 2041 762 2101 ad
775 2056 855 2117 aras,

56 2124 210 2186 Lanclbus
225 2131 255 2183 cl
268 2124 380 2200 pandis
395 2125 541 2187 fumantia
553 2126 712 2188 reddimus
726 2132 806 2186 exta.

59 2209 114 2271 Sin
128 2213 265 2268 armenta
277 2208 376 2283 magis
391 2208 525 2271 studium
538 2208 716 2287 vitulosque
728 2211 816 2288 tueri,
962 2216 1014 2271 195

58 2295 120 2354 Aut
134 2293 214 2353 fetus
230 2291 341 2365 ovium,
358 2298 409 2353 aut
422 2301 545 2354 urentes
561 2296 642 2355 culta
655 2295 806 2372 capellas,

60 2377 163 2439 Saltus
179 2376 319 2437 casaturi
333 2376 427 2452 petito
441 2378 610 2454 longinqua
621 2379 751 2451 Tarenti,

58 2462 98 2521 Et
112 2462 233 2537 qualem
246 2460 352 2520 inlellx
366 2460 468 2522 amisit
479 2461 605 2524 Mantua
619 2476 771 2540 campana,
817 2514 825 2528 .

58 2547 241 2606 Pascentem
252 2543 362 2604 niveos
376 2544 510 2606 herboso
525 2546 652 2609 flumina
665 2562 799 2626 cycncse

59 2629 129 2688 Non
143 2628 250 2703 liquidi
264 2628 409 2704 gregibus
424 2630 534 2705 fontes,
550 2646 613 2692 non
626 2631 765 2706 munina
778 2631 912 2706 deerunt,
961 2634 1015 2689 200

59 2714 100 2773 El
114 2718 259 2787 quantum
273 2713 374 2789 longis
389 2721 515 2790 carpent
527 2722 663 2776 mmcnla
677 2715 795 2790 debus,

61 2796 182 2871 Exigua
194 2803 309 2861 annam
322 2797 443 2874 gelidus
457 2813 510 2879 rps
526 2807 616 2861 nocte
629 2807 768 2876 reponat.

61 2881 156 2955 Nigra
170 2880 234 2940 lere
248 2886 279 2942 el
291 2896 402 2958 presso
416 2881 540 2960 pinguis
555 2883 613 2945 sub
628 2898 753 2945 vomere
765 2888 855 2956 terra,
951 2900 954 2906 ·

61 2965 101 3024 Et
117 2963 165 3023 cui
179 2971 267 3041 putre
280 2966 527 3043 solim-namque
540 2967 601 3030 boc
615 2968 766 3030 induamur
778 2965 920 3036 arande,
1081 2972 1086 2981 “

64 3047 186 3125 Optima
199 3049 392 3111 linamentis-2
413 3065 475 3112 non
488 3053 552 3114 ullo
566 3066 607 3114 ex
620 3066 757 3129 aequora
771 3050 879 3110 cemes
963 3048 1017 3106 ²⁰5

61 3133 155 3194 Plura
168 3132 292 3194 domun
303 3134 400 3196 landis
414 3135 566 3197 decedere
579 3140 717 3214 plaustra
730 3132 898 3204 iuvencis-3

62 3219 137 3291 Aut,
151 3216 233 3279 uude
247 3216 342 3281 irenis
356 3218 466 3281 silvam
478 3218 604 3282 devexlt
619 3229 730 3295 arator,

64 3300 104 3362 Et
117 3316 243 3361 nemora
257 3303 365 3364 evadi
376 3304 488 3366 mullos
503 3305 615 3382 ignava
627 3321 685 3382 per
698 3318 805 3378 annos,

65 3386 281 3461 Antiquasque
296 3387 406 3462 demes
420 3388 521 3453 eumn
535 3404 604 3476 cum
618 3388 763 3466 stirpibus
778 3386 846 3448 lmis
