2326 3780
85 198 150 263 826
301 242 304 247 .
359 194 392 255 P.
413 193 576 255 VIRGlLll
595 192 789 257 maeonis

86 352 188 425 thue
203 349 274 409 dato
290 347 378 422 signo
394 346 494 421 spatia
507 346 538 404 in
553 361 610 404 sua
624 347 768 422 quisque
784 351 947 422 recessit;

86 436 229 509 Defigunl
243 432 341 493 telluri
355 431 460 490 hastas
475 437 506 489 et
520 436 608 489 scuta
620 432 792 492 reclinant.
1024 442 1064 498 tlt

85 520 161 579 Tum
176 518 277 577 studio
293 515 411 577 ellusae
424 522 537 574 matres
552 520 583 573 et
594 514 709 589 vulgus
724 516 895 579 inermum

23 609 30 623 ‘
86 603 278 677 invalidique
293 615 385 660 senes
401 606 498 658 turres
513 605 542 657 et
556 604 637 657 tecta
650 598 828 662 domorum

88 686 254 757 obsedere,
270 686 320 745 alii
335 684 432 759 portis
447 681 626 742 sublimibus
641 683 783 744 adstant.

127 772 169 830 At
182 772 257 830 luno
274 786 292 829 e
306 783 434 841 summo,
451 767 502 841 qui
516 782 597 825 nunc
610 765 752 828 Albanus
770 768 918 831 habetur
928 803 941 813 ·

86 856 161 914 Tum
172 870 274 929 neque
284 868 395 913 nomen
404 858 470 910 erat
480 866 581 924 neque
587 850 688 910 honos
696 860 752 913 aut
758 855 870 928 gloria
878 858 978 916 monti
988 890 1006 929 -‚
1020 866 1060 918 135

85 938 281 1014 Prospiciens
295 936 410 996 tumulo
426 950 565 1009 campum
579 934 787 1010 adspectabat
802 946 837 997 et
852 940 969 1001 ambas
1108 904 1114 985 Ι

84 1014 269 1084 Laurentum
282 1022 456 1093 Troumque
470 1019 554 1079 acies
567 1018 736 1094 urbemque
750 1022 871 1083 Latini.

85 1106 247 1181 Extemplo
261 1105 353 1163 'lurni
368 1104 414 1162 sic
429 1110 477 1163 est
490 1102 583 1163 allata
597 1119 746 1179 sororem,

85 1190 165 1249 Diva
179 1191 277 1261 deam,
295 1188 411 1261 stagnis
428 1204 507 1263 quae
522 1186 760 1262 fluminibusque
779 1193 916 1252 sonoris

85 1272 244 1333 Praesidet
257 1304 271 1313 -
285 1272 364 1331 hunc
379 1271 423 1330 illi
436 1288 491 1331 rex
507 1271 638 1331 actlreris
654 1273 734 1332 altus
749 1272 914 1335 honorem
1013 1288 1058 1339 tlt

85 1357 198 1432 Iupiter
212 1364 319 1431 erepta
332 1372 388 1431 pro
402 1355 575 1431 virginitate
591 1357 724 1416 sacravit
735 1379 763 1411 -ι

84 1441 256 1517 „Nympha
272 1441 368 1501 decus
383 1439 555 1515 fluviorum,
571 1440 672 1499 animo
688 1441 856 1503 carissima
872 1455 993 1519 nostro,

84 1524 184 1600 „Scis
201 1532 234 1584 ut
248 1533 277 1585 te
292 1526 410 1585 cunctis
423 1541 524 1597 unam,
541 1539 752 1600 quaecumque
766 1526 902 1606 Latinae

84 1610 289 1685 „Magnanimi
304 1610 387 1669 lovis
402 1608 551 1683 ingratum
565 1609 757 1668 adscendere
773 1610 890 1688 cubile,

84 1694 308 1768 „Praetulerim
325 1693 466 1767 coelique
480 1692 579 1751 libens
593 1693 623 1751 in
638 1700 725 1767 parte
739 1694 889 1755 locarim=
1008 1708 1055 1760 145

83 1778 197 1852 „Disce
212 1785 304 1849 tuum,
320 1793 358 1836 nc
374 1794 422 1836 me
435 1777 568 1847 incuses,
584 1776 715 1853 Iuturna,
733 1777 890 1839 dolorem.

84 1862 172 1935 „Qua
187 1862 254 1921 visa
268 1869 316 1921 est
330 1864 450 1921 lortuna
463 1860 534 1936 pati,
549 1860 725 1935 Parcaeque
741 1862 890 1924 sinebant

82 1946 221 2020 „Cedere
236 1962 286 2006 res
300 1946 396 2017 Latio,
412 1945 543 2005 Turnum
558 1952 588 2004 et
600 1952 652 2004 tua
665 1947 788 2005 moenia
803 1949 886 2019 texi;

82 2030 188 2104 „Nunc
203 2031 345 2090 iuvenem
360 2028 526 2105 imparibus
540 2030 633 2089 video
650 2045 837 2091 concurrere
853 2033 940 2107 latis,

82 2112 327 2189 „Parcarumque
342 2113 409 2173 dies
426 2120 455 2172 et
469 2113 517 2172 vis
532 2112 654 2172 inimica
667 2114 867 2189 propinquat.
1007 2126 1055 2181 15⁰

82 2198 170 2271 „Non
178 2215 310 2273 pugnarn
319 2198 481 2273 adspicere
488 2197 568 2255 hanc
576 2198 682 2269 oculis,
695 2214 756 2257 non
766 2199 900 2261 foedera
907 2216 1052 2278 possurm

81 2281 155 2355 „Tu‚
171 2298 228 2357 pro
242 2298 388 2357 germano
403 2282 429 2341 si
446 2280 519 2355 quid
534 2282 726 2356 praesentius
742 2282 852 2359 audes,

80 2363 212 2439 „Pergez
236 2367 332 2425 decet.
368 2365 485 2425 Forsan
499 2366 630 2425 miseros
645 2366 773 2425 meliora
787 2376 995 2442 sequentur.“

81 2448 144 2506 Vix
159 2464 205 2520 en,
222 2466 315 2525 quum
329 2449 476 2511 lacrimas·
487 2449 585 2511 oculis
600 2451 723 2510 Iuturna
736 2450 885 2527 proludit,

80 2532 200 2607 Terque
216 2540 385 2608 quaterque
400 2550 490 2593 manu
505 2541 613 2608 pectus
629 2535 783 2609 percussit
796 2534 979 2597 honestum.
1006 2549 1053 2601 155

80 2616 168 2689 „Non
183 2618 316 2676 lacrimis
330 2617 390 2677 hoc
403 2622 547 2693 tempus“
562 2618 604 2677 ait
617 2617 759 2678 Saturnia
772 2619 869 2691 luno;

80 2701 258 2775 „accelera
274 2709 304 2760 ct
318 2702 450 2775 tratrem,
466 2701 578 2776 siquis
593 2703 714 2774 modus,
731 2702 817 2778 cripe
833 2706 938 2781 morti,

80 2786 163 2859 „Aut
177 2792 209 2845 lu
223 2784 304 2844 bella
318 2785 373 2853 cie,
390 2792 635 2861 conceptumque
650 2793 759 2845 excute
774 2788 900 2849 foedus.

79 2871 218 2943 „Auctor
233 2884 290 2944 ego
306 2869 470 2930 audendi.“
507 2868 558 2929 Sic
573 2870 733 2929 exhortata
747 2871 874 2947 reliquit
1133 2879 1144 2975 p

78 2953 227 3013 Incertum
242 2961 272 3013 ct
284 2954 363 3013 tristi
376 2952 527 3013 turbatam
539 2956 667 3013 vulnero
681 2954 803 3015 mentis.
1004 2966 1053 3019 160
1138 3021 1142 3041 ¹

119 3038 239 3097 Interea
252 3038 527 3113 reges—ingenti
542 3039 624 3098 mole
636 3038 763 3099 Latinum
1129 3034 1137 3039 ”

77 3118 263 3197 Quadriiugo
277 3122 401 3183 vehitur
415 3138 514 3196 curm,
530 3122 579 3181 cui
593 3128 734 3197 tempora
748 3120 867 3185 circum

75 3204 184 3265 Aurati
198 3204 247 3265 bis
264 3222 320 3266 sex
333 3205 412 3266 radii
427 3206 574 3281 fulgentia
587 3206 719 3281 cingunt,

77 3284 160 3349 Solis
176 3288 227 3348 avi
242 3290 415 3365 specimen;
438 3288 517 3365 bigis
531 3290 555 3349 it
567 3290 687 3351 'llrrnus
701 3290 732 3349 in
747 3290 838 3367 albis,

74 3366 155 3431 Bina
168 3388 260 3432 manu
273 3374 334 3434 lato
350 3374 490 3449 crispans
504 3373 627 3435 hastilia
641 3375 732 3433 ferro.
999 3384 1048 3441 lto

54 3448 153 3552 βπ
167 3464 258 3539 paler
273 3458 583 3535 Aeneas‚bamanae
593 3457 700 3529 stirpis
713 3458 814 3529 origo,
