2326 3780
169 196 262 427 m
436 196 467 257 P.
489 196 651 257 VIRGILII
670 195 845 259 monus

263 348 319 409 das
334 354 364 409 et
377 347 491 408 crebris
506 347 635 423 legimus
650 348 726 408 treta
741 350 860 409 concita
872 352 974 412 terris.

167 434 311 494 Nauticus
327 432 460 493 exoritur
472 432 559 492 vario
574 434 738 493 certamine
753 435 876 503 clamor,

166 518 330 578 Hortantur
344 517 430 589 socii,
441 516 564 576 'Cretam
577 532 774 594 proavosque
788 525 946 593 petamus;

167 601 364 676 Prosequitur
378 616 506 675 surgens
522 616 540 660 a
553 600 651 676 puppi
664 609 775 663 ventus
790 608 907 676 euntes,
1076 614 1127 669 130

167 686 205 747 Et
216 687 340 747 tandem
354 684 487 760 antiquis
503 683 644 745 Curetum
658 685 817 745 allabimur
831 686 904 746 oris.

166 770 246 846 Ergo
262 770 371 831 avidus
385 783 489 828 muros
505 775 626 843 optatae
640 769 750 829 molior
762 769 856 841 urhis,

165 853 422 930 Pergameamque
437 867 524 926 voco,
540 859 570 911 et
584 852 693 912 laetam
708 855 889 928 cognomine
903 862 1028 930 gentem

166 938 277 998 Hortor
291 951 393 997 amare
406 937 494 997 locos
510 951 672 1010 arcemque
687 937 823 997 attollere
838 939 936 999 tectis.

166 1021 291 1096 Iamque
305 1021 368 1081 lere
383 1020 467 1081 sicco
482 1018 650 1080 subductae
664 1020 750 1081 litore
766 1038 895 1097 puppes,
1074 1035 1123 1089 135

167 1104 331 1165 Connuhiis
346 1104 492 1178 arvisque
506 1103 596 1163 novis
611 1112 738 1179 operata
750 1106 906 1177 iuventus3

165 1188 235 1248 Iura
249 1188 421 1263 domosque
436 1186 561 1247 dabam:
584 1188 685 1248 subito
702 1206 794 1265 quum
808 1190 913 1249 tabida
926 1190 1086 1267 membris,
1152 1196 1161 1231 ¹

167 1272 316 1347 Corrupto
329 1271 408 1333 coeli
420 1277 527 1344 tractu,
543 1272 779 1349 miserandaque
792 1274 875 1333 venit

165 1355 398 1435 arboribusque
411 1356 548 1432 satisque
561 1356 628 1416 lues
643 1363 673 1416 et
687 1358 786 1417 letiler
799 1374 907 1418 annus.

165 1439 355 1515 Linquebant
369 1440 474 1501 dulces
489 1440 615 1513 animas,
631 1449 683 1500 aut
697 1457 789 1516 aegra
802 1442 961 1501 trahebant
1072 1452 1124 1507 140

167 1524 302 1599 Corpora
308 1548 323 1595 ς·
339 1531 402 1585 tum
416 1525 534 1585 steriles
550 1540 677 1585 exurere
693 1524 789 1597 Sirius
805 1541 910 1600 agros;
1080 1542 1083 1547 ·

165 1607 300 1669 Arebant
312 1609 426 1669 herbae
441 1615 471 1669 et
484 1609 597 1669 victum
611 1625 702 1684 seges
718 1626 810 1685 aegra
823 1609 962 1685 negabat.

165 1692 283 1753 Rursus
297 1694 338 1753 ad
352 1694 486 1754 oraclum
501 1691 644 1770 Ortygiae
658 1694 874 1769 Phoebumque
888 1709 1032 1754 remenso

164 1776 308 1837 Hortatur
320 1785 407 1853 pater
419 1778 464 1838 ire
477 1778 561 1852 mari,
575 1778 757 1853 veniamque
772 1778 898 1853 precari,

165 1860 261 1935 Quam
274 1862 367 1923 fessis
381 1862 471 1921 linem
486 1861 578 1922 rebus
593 1862 678 1934 ferat,
693 1862 774 1922 unde
789 1862 926 1921 laborum
1070 1873 1121 1927 145

164 1947 291 2006 Tentare
305 1946 448 2006 auxilium
462 1945 573 2018 iubeat,
590 1961 650 2020 quo
664 1952 783 2005 vertere
797 1961 915 2006 cursus.

164 2031 232 2090 Nox
248 2036 321 2102 erat,
337 2037 366 2090 et
380 2029 468 2089 terris
482 2029 624 2087 animalia
638 2045 764 2089 somnus
778 2029 923 2090 habebat:

164 2113 290 2189 Effigies
305 2127 412 2174 sacrae
427 2112 532 2173 divrlm
545 2111 731 2189 Phrygiique
745 2113 883 2188 Penates,

165 2196 248 2271 Quos
262 2213 379 2258 mecum
394 2196 432 2256 ab
446 2196 535 2256 licia
548 2197 720 2273 mediisque
734 2213 773 2256 ex
787 2197 907 2272 ignibus
921 2198 1007 2258 urbis

164 2281 346 2355 Extuleram,
361 2279 421 2340 visi
435 2287 505 2340 ante
519 2281 625 2341 oculos
641 2282 764 2341 adstare
777 2280 903 2341 iacentis
1069 2293 1122 2345 150

164 2365 199 2423 In
213 2366 338 2441 somnis,
353 2365 446 2425 multo
461 2365 612 2425 munilesti
626 2366 747 2437 lumine,
764 2381 825 2440 qua
839 2379 874 2425 se

164 2448 256 2509 Plena
270 2465 326 2524 per
338 2448 469 2509 insertas
483 2449 629 2509 tundebat
643 2451 714 2508 luna
728 2449 892 2519 fenestram

163 2532 238 2593 Tum
252 2533 297 2593 sic
312 2532 399 2593 alfari
413 2539 443 2594 et
457 2548 546 2594 curas
560 2534 608 2593 his
624 2535 745 2593 demere
760 2533 864 2593 dictis=

165 2616 272 2691 „Quod
286 2617 337 2677 tihi
353 2611 454 2677 'delato
472 2615 627 2694 Ortygiam
641 2617 775 2676 dicturus
788 2618 901 2693 Apollo
917 2621 972 2687 est,

164 2701 240 2775 „Hic
254 2700 334 2761 canit
348 2707 379 2761 ct
391 2707 443 2761 tua
455 2717 513 2761 nos
528 2717 567 2760 en
581 2703 659 2761 ultro
675 2701 714 2760 ad
729 2701 831 2760 limina
845 2701 940 2761 mittit
1066 2710 1122 2762 155

164 2784 245 2861 „Nos
260 2792 299 2857 te,
313 2784 490 2845 Dardania
482 2800 616 2860 incensa,
631 2793 744 2859 tuaque
759 2801 843 2845 arma
857 2782 962 2857 secuti,

165 2868 246 2945 „Nos
260 2868 409 2930 tumidum
423 2868 479 2929 sub
493 2875 524 2929 te
538 2868 690 2945 permensi
705 2869 856 2929 elassibus
871 2883 996 2943 aequor,

165 2954 268 3028 „Idem
282 2959 427 3013 venturos
441 2953 605 3013 tollemus
597 2970 628 3013 m
643 2961 725 3013 astra
739 2960 877 3029 nepotes,

165 3036 408 3113 „Imperiumque
422 3036 489 3097 urbi
504 3036 658 3098 dabimus.
679 3044 713 3098 tu
726 3038 848 3097 moenia
860 3036 979 3111 magnis

165 3122 295 3197 „Magna
308 3138 391 3197 para,
407 3122 592 3197 longumque
605 3121 748 3196 lugaene
762 3122 866 3196 linque
880 3119 1027 3180 laborem.
1068 3128 1125 3183 160

166 3205 347 3277 „Mutandae
363 3206 471 3265 sedes=
492 3221 554 3265 non
568 3206 645 3266 haec
658 3206 712 3265 tibi
727 3206 815 3265 litora
829 3204 926 3285 suasit

165 3288 297 3361 „Delius
313 3295 365 3350 aut
378 3290 484 3350 Cretae
497 3288 587 3350 iussit
602 3290 771 3363 considere,
787 3289 910 3364 Apollo.

165 3372 239 3443 „Est
252 3373 347 3445 locus,
362 3373 541 3451 Hesperiam
556 3373 636 3434 Graii
651 3373 832 3449 cognomine
846 3373 958 3442 dicunt

59 3499 99 3564 Ι
162 3456 274 3529 „Terra
288 3456 421 3534 antiqua,
437 3465 547 3537 potens
561 3458 653 3519 armis
669 3465 761 3535 atque
774 3456 868 3516 ubere
882 3456 1004 3531 glebae
