2326 3780
141 292 205 357 134
416 293 449 352 Ρ.
465 292 628 354 vlaoltlt
648 294 822 378 Mauortis

138 448 376 521 Lustremurque
391 445 465 518 Iovi,
480 448 624 521 votisque
638 447 829 507 incendimus
844 462 923 520 aras,

138 532 291 605 Actiaque
305 529 406 590 Iliacis
422 529 611 590 celebramus
628 531 717 591 litora
730 530 821 591 ludis.

137 617 290 676 Exercent
303 613 417 690 patrias
433 615 501 674 oleo
517 614 638 674 labente
653 616 822 691 palaestras

138 698 247 759 Nudati
262 699 351 759 socii=
373 698 458 759 iuvat
471 700 613 758 evasisse
627 707 673 758 tot
687 699 779 759 urbes

137 784 309 859 Argolicas,
325 783 509 857 mediosque
524 784 627 858 lugam
640 784 779 843 tenuisse
794 801 850 860 per
864 785 980 844 hostes.

137 868 257 927 Interea
270 880 414 942 magnum
430 867 478 925 sol
494 867 741 928 circumvolvitur
755 885 876 939 annum,

137 952 175 1013 Et
189 950 325 1039 glacialis
339 950 438 1010 hiems
452 951 648 1025 aquilonibus
664 960 787 1028 asperat
800 954 910 1014 undas.

137 1039 219 1096 Aere
234 1050 310 1095 cavo
327 1034 466 1110 clipeum,
482 1036 583 1110 magni
599 1042 756 1111 gestamen
769 1037 909 1111 Abantia

137 1119 280 1180 Postibus
295 1118 434 1179 adversis
447 1118 511 1194 figo
528 1125 558 1178 et
571 1135 635 1179 rem
650 1121 784 1180 carmine
799 1123 903 1196 signo:
1017 1151 1021 1160 ·

137 1204 273 1280 „Aeacos
286 1204 361 1264 hoec
375 1204 413 1264 de
426 1204 543 1264 Danais
556 1206 714 1266 culumbae
727 1212 833 1265 orma“
840 1229 852 1277 ,·

114 1282 118 1291 '
137 1288 289 1363 Linquere
304 1294 368 1348 tum
380 1294 488 1363 portus
502 1288 594 1349 iubeo
611 1294 642 1348 et
656 1289 819 1348 considere
833 1292 982 1351 transtris.

181 1371 321 1432 Certatim
335 1371 412 1432 socii
425 1372 536 1432 feriunt
550 1388 634 1432 mare
647 1379 678 1431 et
692 1388 828 1448 aequora
841 1384 974 1435 verrunt.

137 1456 285 1516 Protenus
301 1457 401 1516 aerias
415 1456 585 1516 Phaeacum
601 1456 820 1518 abscondimus
837 1475 933 1530 arces,
1046 1532 1048 1536 Ι

117 1541 301 1617 ‘Litoraque
315 1540 398 1616 Epiri
413 1541 552 1615 legimus
569 1549 722 1616 portuque
737 1541 874 1603 subimus

136 1625 273 1686 Chaonio
290 1632 320 1685 et
334 1625 449 1685 celsam
461 1625 601 1686 Buthroti
616 1625 791 1685 accedimus
806 1627 921 1686 urbem.

136 1709 193 1770 llic
207 1709 393 1770 incredibilis
407 1725 508 1769 rerum
523 1711 604 1770 lama
619 1715 750 1785 occupat
765 1726 864 1784 aurea

136 1793 307 1854 Priamiden
321 1794 471 1869 Helenum
486 1794 593 1854 Graias
609 1808 737 1869 regnare
751 1810 808 1869 per
820 1795 922 1867 urbes,

139 1878 285 1953 Coniugio
299 1879 456 1937 Aeacidae
469 1877 576 1953 Pyrrhi
593 1877 786 1952 sceptrisque
801 1880 937 1954 potitum,

137 1962 175 2022 Et
190 1964 287 2038 patrio
302 1961 540 2021 Andromachen
554 1962 662 2020 iterum
677 1963 812 2022 cessisse
824 1964 941 2022 marite.

136 2045 295 2124 Obstupui,
311 2046 450 2121 miroque
464 2045 623 2105 incensum
638 2053 745 2120 pectus
761 2062 873 2118 amore,

137 2131 327 2207 Compellare
340 2130 439 2190 virum
454 2135 484 2188 et
499 2144 590 2189 casus
606 2144 796 2204 cognoscere
810 2140 920 2192 tantos.

136 2213 320 2291 Progredior
333 2221 433 2290 portu,
450 2214 568 2297 classes
583 2220 614 2274 et
628 2214 717 2273 litora
730 2215 881 2289 linquens

137 2298 297 2359 Solemnes
314 2314 406 2374 quum
421 2298 499 2358 lorte
515 2297 613 2373 dapes
629 2306 659 2357 et
671 2298 769 2357 tristia
783 2300 866 2360 dona

138 2382 219 2443 Ante
232 2381 339 2442 urbem
354 2384 384 2441 in
399 2382 468 2442 luco
484 2382 553 2441 lalsi
569 2380 733 2442 Simoentis
749 2383 788 2441 ad
803 2385 916 2444 undam

136 2464 264 2527 Libebat
278 2466 372 2525 cinen'
386 2466 611 2538 Andromache,
626 2464 796 2545 Manesque
810 2468 941 2528 vocabat

136 2551 319 2611 Hectoreum
334 2550 374 2610 ed
387 2551 543 2623 tumulum,
558 2550 648 2609 viridi
665 2566 755 2625 quem
770 2555 886 2627 cespite
900 2554 1022 2613 inanem

136 2635 174 2697 Et
188 2634 335 2710 geminas,
352 2650 476 2695 causam
491 2634 633 2705 lacrimis,
651 2644 827 2696 sacraverat
841 2653 921 2697 aras.
1045 2648 1097 2701 305

137 2720 177 2781 Ut
189 2734 238 2779 me
252 2718 415 2794 conspexit
430 2719 604 2778 venientem
619 2726 648 2778 et
661 2719 752 2778 Troia
766 2721 878 2780 circum

136 2806 232 2865 Arma
245 2818 350 2863 amens
364 2803 457 2874 vidit;
479 2804 598 2877 maguis
614 2805 757 2864 exterrita
770 2805 914 2865 monstris

136 2888 272 2963 Deriguit
286 2888 357 2948 visu
370 2888 402 2947 in
416 2888 528 2959 medio,
546 2889 630 2947 calor
645 2904 718 2948 ossa
731 2889 861 2966 reliquit,

136 2973 268 3046 Labitur,
285 2980 314 3033 et
328 2973 420 3048 longo
435 2972 489 3031 vix
502 2972 626 3032 tandem
640 2980 778 3049 tempore
792 2975 886 3033 latur:

136 3058 278 3132 „Verane
292 3065 322 3117 te
337 3057 442 3129 iacies,
458 3071 551 3116 verus
567 3058 639 3116 mihi
655 3058 777 3118 nuntius
793 3057 894 3127 affers,
1045 3066 1100 3121 310

138 3141 232 3216 „Nate
247 3142 328 3201 deal
348 3142 491 3201 vivisnev
512 3148 571 3215 aut,
588 3142 614 3202 si
629 3142 683 3202 lux
697 3143 776 3201 alma
790 3141 928 3213 recessit,

137 3225 269 3301 „Hector
282 3225 334 3285 ubi
348 3231 436 3286 estt“
457 3225 548 3298 Dixit,
565 3226 768 3302 lacrimasque
783 3224 891 3285 effudit
903 3232 934 3285 et
948 3240 1072 3285 omnem

136 3308 276 3385 Implevit
290 3310 422 3369 clamore
436 3311 547 3370 locum.
582 3311 644 3370 Vix
659 3326 758 3386 pauca
772 3310 882 3370 lurenti

136 3393 272 3455 Sublicio
288 3399 317 3454 et
330 3394 408 3455 raris
424 3394 560 3454 turbatus
575 3395 705 3455 vocibus
719 3395 822 3454 hiscaz

59 3424 77 3544 f
120 3476 228 3553 ,Vivo
244 3480 403 3558 equidem,
421 3482 584 3561 vitamque
597 3487 739 3541 extrema
750 3494 805 3553 per
821 3476 928 3533 quinia
938 3474 1032 3531 buco.
1054 3483 1112 3534 *sus

107 3562 179 3637 „Ne
192 3567 326 3632 dubita:
350 3586 430 3632 nam
442 3586 526 3633 vera
540 3566 650 3630 vides.
