2326 3780
287 222 491 285 Buootlcn.
532 222 614 284 EcL.
636 224 691 284 vl.
927 220 969 289 15

93 378 182 454 trgite,
196 376 342 437 Pierides.
387 377 525 438 chromis
540 383 570 436 et
583 376 743 453 Mnasylos
758 378 789 447 in
803 383 890 438 antro

93 477 150 523 ium
164 461 251 538 pueri
264 476 374 521 somno
389 462 497 521 videre
509 462 666 534 iacentem,

93 553 155 607 turn
169 546 312 605 hesterno
327 561 433 619 venos,
448 552 482 606 ut
496 560 626 620 semper,
641 544 769 614 laccho,
934 553 970 607 15

93 631 232 707 iprocut
248 635 364 691 tanturn
378 630 470 706 capiti
485 629 622 704 delapso,
640 627 789 703 iacebant,

93 714 169 774 ravis
182 714 283 774 attrita
296 714 451 790 pendebat
465 714 629 773 cantharus
643 728 730 772 ensa.

93 798 251 859 cessi-nam
265 814 362 875 saepe
375 814 472 858 senex
487 813 544 874 spe
558 796 701 857 carminis
715 794 805 857 ambo

93 883 292 943 ret-inliciunt
299 883 384 959 ipsis
397 898 438 943 ex
450 882 574 942 vincula
587 880 688 941 sertis.

93 973 108 1026 t
122 983 157 1027 se
172 967 288 1027 sociam
302 967 478 1043 timidisque
492 965 671 1043 supervenit
682 964 789 1039 Aegle,
933 972 970 1025 lo

93 1067 110 1111 e
123 1051 272 1113 Naiadum
286 1050 498 1128 pulcherrime,
514 1050 635 1126 iamque
648 1048 766 1108 videnti

93 1136 196 1202 uineis
210 1136 342 1197 frontem
354 1136 450 1196 moris
465 1142 495 1195 et
509 1141 648 1211 tempora
661 1132 768 1210 pingit.

93 1220 187 1280 lolum
198 1221 304 1280 ridens
319 1220 408 1295 „Quo
422 1220 544 1281 vincula
558 1219 679 1280 nectitis
686 1222 721 1276 t‘
741 1217 847 1293 inquit.

93 1302 150 1363 vite
164 1319 221 1376 me,
236 1304 339 1380 pueri:
360 1305 436 1366 satis
452 1310 499 1365 est
513 1305 652 1379 potuisse
666 1302 774 1361 videri.

93 1387 184 1459 mino,
202 1404 283 1460 quae
295 1388 398 1462 vultis,
413 1388 605 1463 cognoscite:
628 1387 762 1447 earmina
775 1385 875 1459 vobis,
931 1394 968 1446 25

93 1484 114 1528 e
128 1469 209 1529 aliud
224 1470 376 1530 mercedis
391 1472 482 1540 en‘t“;
505 1471 594 1531 simul
608 1470 713 1545 incipit
726 1470 804 1545 ipse.

95 1566 179 1611 2vero
193 1552 225 1610 in
239 1567 398 1613 numerum
410 1553 596 1628 Faunosque
610 1554 756 1626 lerosque
768 1554 891 1613 videres

93 1649 144 1706 tre,
159 1640 222 1693 tum
234 1633 351 1709 rigidas
365 1642 481 1696 motare
495 1637 653 1696 cacumine
667 1650 814 1709 quercus3

93 1723 207 1779 tantum
219 1717 345 1778 Phoebo
354 1719 475 1795 gaudet
486 1718 632 1779 Parnasia
644 1734 748 1794 rupes,

93 1808 205 1862 tantum
218 1802 373 1880 Rhodope
386 1804 532 1863 mirantur
546 1810 577 1863 et
589 1802 724 1863 Ismarus
740 1799 870 1877 Orphea.
934 1812 970 1865 30

93 1902 151 1963 que
165 1886 302 1961 canebat,
315 1888 359 1948 nti
373 1902 516 1964 magnum
530 1886 690 1964 perinane
705 1892 813 1946 coacta

93 1974 138 2030 ina
152 1977 361 2047 terrarumque
375 1973 557 2048 animaeque
571 1971 726 2045 marisque
736 1969 872 2043 ¹luissent

93 2055 170 2131 tuidi
186 2056 276 2116 simul
289 2056 378 2133 ignis,
392 2064 426 2118 ut
439 2056 488 2117 lris
503 2056 631 2117 exordia
644 2055 751 2131 primis

93 2139 120 2199 ia
134 2139 244 2216 etipse
258 2147 345 2201 tener
357 2140 463 2202 mundi
478 2140 669 2202 concreverit
683 2139 780 2212 orbim

100 2223 210 2283 durare
224 2225 325 2285 solum
338 2231 369 2285 et
382 2225 558 2286 discludere
570 2225 669 2285 Nerea
681 2230 778 2303 ponto
930 2234 966 2288 35

93 2308 161 2381 erit,
176 2314 206 2367 ct
219 2324 320 2369 rerum
333 2309 490 2385 paullatim
503 2324 625 2370 sumere
640 2309 770 2377 lormes;

93 2407 138 2467 lue
151 2402 265 2453 novun
276 2398 377 2453 terrae
392 2400 535 2470 stupeant
548 2394 704 2454 lucescere
720 2394 826 2467 solem,

93 2491 109 2535 s
124 2482 215 2552 atque
230 2478 342 2538 cadant
355 2478 516 2539 summotis
528 2476 662 2537 nubibus
676 2475 799 2551 imbres,

93 2559 160 2620 ient
174 2561 270 2620 silvae
285 2578 378 2635 quum
392 2562 523 2638 primum
537 2576 673 2636 surgere,
689 2576 844 2637 quumque

106 2659 161 2718 per
175 2644 299 2721 ignaros
315 2654 415 2707 errent
428 2647 572 2706 animalia
586 2652 715 2706 montes.
929 2654 966 2707 lo

101 2727 220 2802 lapides
234 2727 369 2805 Pyrrhae
383 2730 489 2803 iactos,
506 2729 648 2790 Saturnia
660 2744 763 2804 regna,

93 2812 236 2887 asiaeque
250 2815 342 2873 refert
353 2816 497 2875 volueres
513 2815 684 2889 tortumque
698 2812 877 2874 Promethei.

93 2895 223 2972 idiungit,
239 2897 339 2973 Hylan
354 2906 464 2960 nautae
480 2913 541 2974 quo
558 2899 639 2957 sonte
654 2898 791 2957 relictum

93 2986 205 3055 assent,
220 2988 252 3041 ut
266 2982 337 3042 litus
351 2982 461 3059 „Hyla
468 2983 577 3059 Hylam
592 2996 682 3043 omne
696 2988 835 3051 sonarem

93 3069 248 3138 rtunatam,
264 3066 457 3143 sinunquam
471 3067 757 3137 annentaluissont,
926 3072 964 3127 45

93 3146 179 3207 »hain
195 3149 275 3209 nivei
290 3152 407 3212 solatur
420 3167 525 3213 amore
538 3151 668 3212 iuvenci.

101 3232 189 3307 virgo
204 3233 319 3306 infelix,
336 3243 460 3309 quaele
475 3234 627 3296 dementia
640 3234 743 3310 ecpitt

93 3316 185 3378 elides
201 3317 363 3394 implerunt
376 3321 462 3381 lnlsis
476 3318 640 3396 mugitibus
655 3332 762 3393 agrem

93 3415 144 3461 ron
158 3407 219 3460 tam
233 3409 337 3479 turpes
352 3405 505 3479 pecudum
517 3412 618 3465 tamen
633 3402 695 3462 ulla
710 3408 815 3462 secuto
830 3411 877 3463 est

94 3483 222 3559 cubitus,
240 3489 378 3563 quamvis
394 3490 473 3550 collo
487 3488 638 3549 timuisset
651 3492 792 3563 aratrum,
927 3495 966 3545 to
