2326 3780
298 215 492 277 AENEIDOS
513 216 586 277 LlB.
601 218 666 276 vll.
895 218 959 285 217

103 386 129 431 tu
144 387 224 430 nunc
238 371 317 430 solio
333 370 481 429 stellantis
496 370 580 444 regia
595 371 672 430 coeli
910 383 965 435 tlt)

103 455 155 531 pit,
171 463 201 514 et
213 470 371 514 numerum
386 454 527 513 divorum
541 454 687 514 altaribus
703 455 817 516 addit.“

103 545 139 613 at,
156 545 186 598 el
200 539 280 598 dicta
293 538 426 598 Ilioneus
442 537 488 597 sic
502 552 581 597 voce
596 547 736 599 secutus:

117 638 216 699 genus
230 622 386 698 egregium
399 621 503 697 Fauni,
521 637 577 681 nec
592 620 735 683 lluctibus
749 630 836 684 actos

114 707 235 783 subegit
248 706 347 767 hiems
361 706 474 766 vestris
490 707 658 765 succedere
672 708 770 780 terris,

103 791 189 853 sidus
201 792 328 866 regione
342 790 413 849 viae
426 791 539 849 litusve
552 790 673 860 lelellit;
911 802 964 855 215

103 875 160 935 ilio
175 876 255 935 hanc
268 890 377 935 omnes
391 874 563 948 animisque
578 873 749 935 volentibus
765 875 870 935 urbem

103 960 196 1033 rimor,
212 960 293 1036 pulsi
306 959 419 1034 regnis
436 974 515 1034 quae
529 960 662 1018 maxima
677 959 832 1034 quondam

103 1058 168 1105 emo
182 1043 310 1103 veniens
325 1042 379 1103 Sol
394 1041 585 1118 adspiciebat
598 1042 740 1119 Olympo.

103 1143 162 1188 ove
176 1128 359 1204 principium
374 1127 511 1202 generis=
535 1127 609 1186 love
621 1127 765 1187 Dardana
780 1127 879 1202 pubes

103 1213 146 1273 let
159 1228 234 1283 avo,
257 1228 313 1271 rex
327 1212 396 1287 ipse
410 1211 493 1270 lovis
509 1211 548 1270 de
562 1219 653 1287 gente
668 1228 820 1288 suprema,
910 1222 965 1274 sto

103 1312 135 1356 us
148 1298 282 1371 Aeneas,
296 1302 350 1355 tua
363 1310 421 1354 nos
436 1295 477 1354 ad
491 1295 594 1354 limina
607 1296 697 1368 misit,

103 1386 145 1439 rta
158 1396 214 1455 per
228 1381 340 1439 idaeos
354 1379 459 1439 saevis
474 1378 574 1439 effusa
587 1379 728 1455 Mycenis

103 1471 205 1538 pestus
219 1464 287 1522 ierit
302 1478 438 1539 campos,
455 1461 567 1537 quibus
582 1471 668 1522 actus
684 1472 812 1538 uterque

103 1562 168 1621 »pac
183 1554 275 1622 atque
288 1546 384 1607 Asiae
399 1547 468 1607 latis
484 1548 671 1606 concurrerit
685 1547 778 1620 orbis,

103 1630 141 1705 lit,
157 1637 187 1690 et
199 1632 226 1690 si
242 1646 334 1704 quem
346 1631 436 1690 tellus
451 1636 588 1690 extrema
601 1631 706 1691 refuso
803 1700 807 1705 ,
912 1640 965 1695 225
1037 1640 1040 1645 '

103 1721 196 1774 novet
210 1713 342 1789 Oceano,
356 1722 386 1774 et
400 1714 427 1774 si
442 1730 533 1790 quem
548 1720 670 1775 extenta
683 1715 841 1790 plagarum

103 1814 163 1859 nor
177 1799 208 1858 in
222 1799 324 1858 medio
340 1798 452 1858 dirimit
464 1801 557 1874 plaga
571 1800 647 1858 solis
662 1799 766 1873 iniqui.

103 1882 148 1942 vio
164 1898 203 1942 ex
217 1884 270 1942 illo
284 1889 329 1942 tot
341 1889 432 1943 vasta
446 1898 653 1959 peraequum
668 1884 746 1942 vecti

103 1967 203 2027 sedem
217 1968 359 2042 exiguam
373 1968 480 2043 patriis
494 1967 628 2041 litusque
641 1982 786 2041 rogamus

103 2066 202 2126 enum,
215 2059 246 2111 et
256 2052 372 2111 cunctis
383 2053 559 2128 undamque
567 2045 733 2125 auramque
739 2050 901 2127 patentem.
914 2060 967 2116 230

107 2136 219 2196 erimus
234 2152 329 2210 regno
346 2137 524 2207 indecores,
548 2152 605 2195 nec
621 2142 725 2195 vestra
739 2136 851 2196 leretur
883 2182 889 2200 2

103 2221 219 2296 alevis,
234 2220 371 2296 tantique
385 2220 544 2280 abolescet
556 2220 653 2295 gratia
667 2220 754 2290 lacti;

103 2302 222 2364 Troiam
234 2305 393 2365 Ausonios
407 2305 522 2379 gremio
538 2304 701 2379 excepisse
715 2303 840 2380 pigebit.

113 2401 171 2462 per
183 2391 307 2448 Aeneae
322 2390 388 2449 iuro
404 2390 605 2463 dextramque
620 2394 784 2463 potentem,

114 2468 176 2530 lide
190 2486 246 2531 seu
261 2474 330 2547 quis
344 2472 424 2532 bello
440 2480 487 2533 est
501 2480 647 2549 expertus
662 2480 692 2532 et
704 2474 813 2535 armies
912 2486 963 2540 235
1028 2474 1034 2489 ’

103 2552 112 2613 i
126 2570 184 2614 nos
198 2557 313 2632 populi,
327 2559 494 2617 multae-ne
508 2566 617 2630 temne,
635 2559 719 2634 quod
733 2560 811 2619 ultro

103 2638 227 2699 ierimus
241 2641 382 2701 manibus
398 2642 488 2703 vittas
503 2658 541 2702 ac
553 2642 650 2702 verba
664 2644 833 2718 precantia·

103 2722 191 2783 etiere
205 2722 264 2784 sibi
279 2732 308 2785 et
323 2727 448 2786 voluere
462 2727 628 2802 adiungere
642 2737 759 2802 gentes.

103 2822 161 2868 nos
176 2809 238 2868 luta
253 2809 346 2869 deum
361 2818 480 2885 vestras
494 2812 656 2887 exquirere
671 2818 767 2871 terras

103 2892 162 2952 eriis
179 2908 270 2968 egere
285 2895 364 2953 suis,
392 2894 470 2953 Hinc
482 2896 644 2955 Dardanus
659 2902 760 2954 ortus=
910 2900 964 2953 alo

103 2977 228 3053 repetit;
251 2972 415 3052 iussisque
424 2978 597 3053 ingentibus
612 2984 699 3051 urget
712 2976 826 3051 Apollo

103 3060 211 3120 benum
226 3060 266 3120 ad
280 3061 426 3137 Thybrim
440 3069 470 3121 et
484 3063 576 3121 lontis
593 3062 674 3119 vada
687 3074 777 3119 sacra
789 3053 915 3116 Numici.

103 3142 148 3203 ibi
162 3151 323 3220 praeterea
337 3146 477 3205 lortunne
492 3161 589 3220 parva
603 3142 715 3218 prioris

103 3240 158 3299 era,
174 3227 321 3301 reliquias
334 3228 425 3287 iboia
439 3242 479 3287 ex
491 3228 618 3287 ardente
631 3228 782 3298 receptas.

103 3314 191 3384 pater
204 3310 358 3372 Anchises
373 3327 448 3372 auro
462 3311 577 3389 libabat
590 3309 631 3368 ad
646 3322 732 3376 aras3
911 3312 965 3367 245

103 3390 214 3451 Priami
227 3400 385 3468 gestamen
400 3401 474 3470 erat
491 3410 585 3470 quum
598 3393 671 3454 iura
680 3388 809 3451 uocatis
876 3432 890 3453 .
965 3462 969 3467 ,

103 3474 207 3536 *duret
215 3478 352 3554 populis,
369 3488 611 3556 sceptrumque,
626 3472 926 3554 sacerquenaras,
