<?xml version="1.0" encoding="UTF-8"?>
<!DOCTYPE html PUBLIC "-//W3C//DTD XHTML 1.0 Transitional//EN"
    "http://www.w3.org/TR/xhtml1/DTD/xhtml1-transitional.dtd">
<html xmlns="http://www.w3.org/1999/xhtml" xml:lang="en" lang="en">
 <head>
  <title>
</title>
<meta http-equiv="Content-Type" content="text/html;charset=utf-8" />
  <meta name='ocr-system' content='tesseract 3.04.00' />
  <meta name='ocr-capabilities' content='ocr_page ocr_carea ocr_par ocr_line ocrx_word'/>
</head>
<body>
  <div class='ocr_page' id='page_1' title='image "./pvirgiliimaroni11virggoog/pvirgiliimaroni11virggoog_0106.png"; bbox 0 0 2326 3780; ppageno 0'>
   <div class='ocr_carea' id='block_1_1' title="bbox 338 123 1015 189">
    <p class='ocr_par' dir='ltr' id='par_1_1' title="bbox 338 123 1015 189">
     <span class='ocr_line' id='line_1_1' title="bbox 338 123 1015 189; baseline 0 -2"><span class='ocrx_word' id='word_1_1' title='bbox 338 126 542 189; x_wconf 83' lang='lat' dir='ltr'><strong>BUCOLICA.</strong></span> <span class='ocrx_word' id='word_1_2' title='bbox 585 127 668 187; x_wconf 80' lang='lat' dir='ltr'>aot.</span> <span class='ocrx_word' id='word_1_3' title='bbox 688 127 727 185; x_wconf 85' lang='lat' dir='ltr'>V.</span> <span class='ocrx_word' id='word_1_4' title='bbox 975 123 1015 189; x_wconf 78' lang='lat'>1³</span> 
     </span>
    </p>
   </div>
   <div class='ocr_carea' id='block_1_2' title="bbox 57 279 1016 1531">
    <p class='ocr_par' dir='ltr' id='par_1_2' title="bbox 58 279 1016 951">
     <span class='ocr_line' id='line_1_2' title="bbox 59 279 721 356; baseline -0.005 -14"><span class='ocrx_word' id='word_1_5' title='bbox 59 283 117 342; x_wconf 83' lang='lat' dir='ltr'>Pro</span> <span class='ocrx_word' id='word_1_6' title='bbox 132 280 215 341; x_wconf 92' lang='lat' dir='ltr'>molli</span> <span class='ocrx_word' id='word_1_7' title='bbox 231 280 323 353; x_wconf 78' lang='lat' dir='ltr'>viola,</span> <span class='ocrx_word' id='word_1_8' title='bbox 339 295 396 355; x_wconf 93' lang='lat' dir='ltr'>pro</span> <span class='ocrx_word' id='word_1_9' title='bbox 412 297 567 356; x_wconf 90' lang='lat' dir='ltr'>purpureo</span> <span class='ocrx_word' id='word_1_10' title='bbox 582 279 721 340; x_wconf 79' lang='lat' dir='ltr'>narcisso</span> 
     </span>
     <span class='ocr_line' id='line_1_3' title="bbox 60 364 743 441; baseline -0.007 -15"><span class='ocrx_word' id='word_1_11' title='bbox 60 366 199 426; x_wconf 87' lang='lat' dir='ltr'>Carduus</span> <span class='ocrx_word' id='word_1_12' title='bbox 215 372 245 425; x_wconf 87' lang='lat' dir='ltr'>et</span> <span class='ocrx_word' id='word_1_13' title='bbox 258 364 356 441; x_wconf 87' lang='lat' dir='ltr'>spinis</span> <span class='ocrx_word' id='word_1_14' title='bbox 372 366 470 439; x_wconf 80' lang='lat' dir='ltr'><strong>surgit</strong></span> <span class='ocrx_word' id='word_1_15' title='bbox 484 366 621 441; x_wconf 89' lang='lat' dir='ltr'>paliurus</span> <span class='ocrx_word' id='word_1_16' title='bbox 636 364 743 424; x_wconf 77' lang='lat' dir='ltr'>acuns.</span> 
     </span>
     <span class='ocr_line' id='line_1_4' title="bbox 60 446 1016 526; baseline 0 -16"><span class='ocrx_word' id='word_1_17' title='bbox 60 450 202 526; x_wconf 80' lang='lat' dir='ltr'>Spargite</span> <span class='ocrx_word' id='word_1_18' title='bbox 215 448 339 509; x_wconf 91' lang='lat' dir='ltr'>humum</span> <span class='ocrx_word' id='word_1_19' title='bbox 353 449 445 522; x_wconf 86' lang='lat' dir='ltr'>loliis,</span> <span class='ocrx_word' id='word_1_20' title='bbox 467 450 601 509; x_wconf 80' lang='lat' dir='ltr'>inducite</span> <span class='ocrx_word' id='word_1_21' title='bbox 615 447 750 508; x_wconf 87' lang='lat' dir='ltr'>lontibus</span> <span class='ocrx_word' id='word_1_22' title='bbox 766 446 896 522; x_wconf 86' lang='lat' dir='ltr'>umbras,</span> <span class='ocrx_word' id='word_1_23' title='bbox 980 457 1016 510; x_wconf 72' lang='lat' dir='ltr'>ao</span> 
     </span>
     <span class='ocr_line' id='line_1_5' title="bbox 58 533 750 608; baseline -0.003 -15"><span class='ocrx_word' id='word_1_24' title='bbox 58 533 341 593; x_wconf 88' lang='lat' dir='ltr'>Pastores-mandat</span> <span class='ocrx_word' id='word_1_25' title='bbox 355 533 423 597; x_wconf 86' lang='lat' dir='ltr'>fieri</span> <span class='ocrx_word' id='word_1_26' title='bbox 438 533 496 594; x_wconf 91' lang='lat' dir='ltr'>sibi</span> <span class='ocrx_word' id='word_1_27' title='bbox 511 534 584 594; x_wconf 90' lang='lat' dir='ltr'>talia</span> <span class='ocrx_word' id='word_1_28' title='bbox 598 533 750 608; x_wconf 89' lang='lat' dir='ltr'>Daphnis-</span> 
     </span>
     <span class='ocr_line' id='line_1_6' title="bbox 59 616 911 693; baseline -0.005 -16"><span class='ocrx_word' id='word_1_29' title='bbox 59 618 99 679; x_wconf 84' lang='lat' dir='ltr'>Et</span> <span class='ocrx_word' id='word_1_30' title='bbox 111 618 257 678; x_wconf 90' lang='lat' dir='ltr'>tumulum</span> <span class='ocrx_word' id='word_1_31' title='bbox 271 618 369 690; x_wconf 85' lang='lat' dir='ltr'>facite,</span> <span class='ocrx_word' id='word_1_32' title='bbox 386 625 417 678; x_wconf 89' lang='lat' dir='ltr'>et</span> <span class='ocrx_word' id='word_1_33' title='bbox 429 619 546 678; x_wconf 82' lang='lat' dir='ltr'>tuntulo</span> <span class='ocrx_word' id='word_1_34' title='bbox 561 616 760 693; x_wconf 78' lang='lat' dir='ltr'>superaddite</span> <span class='ocrx_word' id='word_1_35' title='bbox 774 631 911 675; x_wconf 80' lang='lat' dir='ltr'>cannen:</span> 
     </span>
     <span class='ocr_line' id='line_1_7' title="bbox 60 702 881 778; baseline -0.001 -16"><span class='ocrx_word' id='word_1_36' title='bbox 60 704 197 778; x_wconf 73' lang='lat' dir='ltr'>Daphnis</span> <span class='ocrx_word' id='word_1_37' title='bbox 210 718 263 776; x_wconf 78' lang='lat' dir='ltr'>epo</span> <span class='ocrx_word' id='word_1_38' title='bbox 278 705 309 763; x_wconf 79' lang='lat' dir='ltr'>in</span> <span class='ocrx_word' id='word_1_39' title='bbox 322 705 411 776; x_wconf 68' lang='lat' dir='ltr'>abab,</span> <span class='ocrx_word' id='word_1_40' title='bbox 426 704 497 763; x_wconf 77' lang='lat' dir='ltr'>hinc</span> <span class='ocrx_word' id='word_1_41' title='bbox 509 720 603 778; x_wconf 77' lang='lat' dir='ltr'>mque</span> <span class='ocrx_word' id='word_1_42' title='bbox 616 702 775 762; x_wconf 78' lang='lat' dir='ltr'>adsidere</span> <span class='ocrx_word' id='word_1_43' title='bbox 788 707 881 776; x_wconf 84' lang='lat' dir='ltr'>notas,</span> 
     </span>
     <span class='ocr_line' id='line_1_8' title="bbox 60 788 698 863; baseline -0.002 -17"><span class='ocrx_word' id='word_1_44' title='bbox 60 788 195 847; x_wconf 77' lang='lat' dir='ltr'>Formosa·</span> <span class='ocrx_word' id='word_1_45' title='bbox 203 790 321 863; x_wconf 72' lang='lat' dir='ltr'>pecoris</span> <span class='ocrx_word' id='word_1_46' title='bbox 333 799 437 860; x_wconf 84' lang='lat' dir='ltr'>custos,</span> <span class='ocrx_word' id='word_1_47' title='bbox 450 788 613 860; x_wconf 78' lang='lat' dir='ltr'><em>formosior</em></span> <span class='ocrx_word' id='word_1_48' title='bbox 625 790 698 863; x_wconf 72' lang='lat' dir='ltr'>ipsc,</span> 
     </span>
     <span class='ocr_line' id='line_1_9' title="bbox 401 868 811 951; baseline -0.002 -21"><span class='ocrx_word' id='word_1_49' title='bbox 401 868 670 951; x_wconf 77' lang='lat' dir='ltr'><strong>MENALGAS.</strong></span> <span class='ocrx_word' id='word_1_50' title='bbox 808 943 811 948; x_wconf 19' lang='lat'>¹</span> 
     </span>
    </p>

    <p class='ocr_par' dir='ltr' id='par_1_3' title="bbox 57 955 1015 1531">
     <span class='ocr_line' id='line_1_10' title="bbox 100 955 1015 1029; baseline -0.002 -16"><span class='ocrx_word' id='word_1_51' title='bbox 100 955 171 1014; x_wconf 89' lang='lat' dir='ltr'>Tale</span> <span class='ocrx_word' id='word_1_52' title='bbox 185 961 269 1016; x_wconf 92' lang='lat' dir='ltr'>tuum</span> <span class='ocrx_word' id='word_1_53' title='bbox 285 971 406 1014; x_wconf 91' lang='lat' dir='ltr'>carmen</span> <span class='ocrx_word' id='word_1_54' title='bbox 421 955 520 1028; x_wconf 88' lang='lat' dir='ltr'>nobis,</span> <span class='ocrx_word' id='word_1_55' title='bbox 537 955 640 1014; x_wconf 91' lang='lat' dir='ltr'>divine</span> <span class='ocrx_word' id='word_1_56' title='bbox 654 957 756 1029; x_wconf 74' lang='lat' dir='ltr'>poeta,</span> <span class='ocrx_word' id='word_1_57' title='bbox 981 960 1015 1011; x_wconf 77' lang='grc'>45</span> 
     </span>
     <span class='ocr_line' id='line_1_11' title="bbox 58 1038 887 1115; baseline -0.004 -16"><span class='ocrx_word' id='word_1_58' title='bbox 58 1041 154 1114; x_wconf 82' lang='lat' dir='ltr'>Quale</span> <span class='ocrx_word' id='word_1_59' title='bbox 169 1055 265 1115; x_wconf 90' lang='lat' dir='ltr'>sopor</span> <span class='ocrx_word' id='word_1_60' title='bbox 279 1040 372 1099; x_wconf 89' lang='lat' dir='ltr'>lessis</span> <span class='ocrx_word' id='word_1_61' title='bbox 387 1038 419 1098; x_wconf 94' lang='lat' dir='ltr'>in</span> <span class='ocrx_word' id='word_1_62' title='bbox 433 1039 578 1114; x_wconf 73' lang='lat' dir='ltr'>gramine,</span> <span class='ocrx_word' id='word_1_63' title='bbox 595 1039 686 1113; x_wconf 90' lang='lat' dir='ltr'>quale</span> <span class='ocrx_word' id='word_1_64' title='bbox 700 1054 757 1114; x_wconf 93' lang='lat' dir='ltr'>per</span> <span class='ocrx_word' id='word_1_65' title='bbox 771 1044 887 1097; x_wconf 88' lang='lat' dir='ltr'>aestum</span> 
     </span>
     <span class='ocr_line' id='line_1_12' title="bbox 57 1124 809 1205; baseline -0.007 -20"><span class='ocrx_word' id='word_1_66' title='bbox 57 1124 164 1185; x_wconf 90' lang='lat' dir='ltr'>Dulcis</span> <span class='ocrx_word' id='word_1_67' title='bbox 176 1139 276 1199; x_wconf 90' lang='lat' dir='ltr'>aquae</span> <span class='ocrx_word' id='word_1_68' title='bbox 290 1125 420 1184; x_wconf 82' lang='lat' dir='ltr'>saliente</span> <span class='ocrx_word' id='word_1_69' title='bbox 434 1124 514 1183; x_wconf 91' lang='lat' dir='ltr'>sitim</span> <span class='ocrx_word' id='word_1_70' title='bbox 528 1125 717 1205; x_wconf 75' lang='lat' dir='ltr'>restinguere</span> <span class='ocrx_word' id='word_1_71' title='bbox 731 1124 809 1184; x_wconf 90' lang='lat' dir='ltr'>rivo.</span> 
     </span>
     <span class='ocr_line' id='line_1_13' title="bbox 57 1206 957 1283; baseline -0.008 -14"><span class='ocrx_word' id='word_1_72' title='bbox 57 1210 121 1269; x_wconf 88' lang='lat' dir='ltr'>Nec</span> <span class='ocrx_word' id='word_1_73' title='bbox 137 1209 263 1268; x_wconf 90' lang='lat' dir='ltr'>calamis</span> <span class='ocrx_word' id='word_1_74' title='bbox 279 1208 379 1268; x_wconf 94' lang='lat' dir='ltr'>solum</span> <span class='ocrx_word' id='word_1_75' title='bbox 393 1209 588 1283; x_wconf 90' lang='lat' dir='ltr'>aequiparas,</span> <span class='ocrx_word' id='word_1_76' title='bbox 605 1206 663 1266; x_wconf 90' lang='lat' dir='ltr'>sed</span> <span class='ocrx_word' id='word_1_77' title='bbox 676 1222 755 1267; x_wconf 88' lang='lat' dir='ltr'>voce</span> <span class='ocrx_word' id='word_1_78' title='bbox 769 1206 957 1281; x_wconf 83' lang='lat' dir='ltr'>magistrum.</span> 
     </span>
     <span class='ocr_line' id='line_1_14' title="bbox 57 1291 762 1367; baseline -0.004 -15"><span class='ocrx_word' id='word_1_79' title='bbox 57 1293 222 1352; x_wconf 89' lang='lat' dir='ltr'>Fortunate</span> <span class='ocrx_word' id='word_1_80' title='bbox 237 1307 322 1367; x_wconf 82' lang='lat' dir='ltr'>puer,</span> <span class='ocrx_word' id='word_1_81' title='bbox 337 1299 370 1351; x_wconf 88' lang='lat' dir='ltr'>tu</span> <span class='ocrx_word' id='word_1_82' title='bbox 383 1307 464 1352; x_wconf 90' lang='lat' dir='ltr'>nunc</span> <span class='ocrx_word' id='word_1_83' title='bbox 479 1292 540 1351; x_wconf 90' lang='lat' dir='ltr'>eris</span> <span class='ocrx_word' id='word_1_84' title='bbox 555 1292 632 1352; x_wconf 88' lang='lat' dir='ltr'>alter</span> <span class='ocrx_word' id='word_1_85' title='bbox 646 1291 684 1351; x_wconf 89' lang='lat' dir='ltr'>ab</span> <span class='ocrx_word' id='word_1_86' title='bbox 700 1293 762 1351; x_wconf 90' lang='lat' dir='ltr'>illo.</span> 
     </span>
     <span class='ocr_line' id='line_1_15' title="bbox 57 1373 1015 1449; baseline 0 -15"><span class='ocrx_word' id='word_1_87' title='bbox 57 1377 123 1434; x_wconf 87' lang='lat' dir='ltr'>Nos</span> <span class='ocrx_word' id='word_1_88' title='bbox 137 1383 238 1433; x_wconf 88' lang='lat' dir='ltr'>tamen</span> <span class='ocrx_word' id='word_1_89' title='bbox 248 1375 327 1433; x_wconf 90' lang='lat' dir='ltr'>haec</span> <span class='ocrx_word' id='word_1_90' title='bbox 338 1391 532 1449; x_wconf 88' lang='lat' dir='ltr'>quocumque</span> <span class='ocrx_word' id='word_1_91' title='bbox 540 1375 635 1434; x_wconf 94' lang='lat' dir='ltr'>modo</span> <span class='ocrx_word' id='word_1_92' title='bbox 647 1373 700 1434; x_wconf 93' lang='lat' dir='ltr'>tibi</span> <span class='ocrx_word' id='word_1_93' title='bbox 712 1382 818 1436; x_wconf 90' lang='lat' dir='ltr'>nostra</span> <span class='ocrx_word' id='word_1_94' title='bbox 829 1373 967 1434; x_wconf 86' lang='lat' dir='ltr'>vicissim</span> <span class='ocrx_word' id='word_1_95' title='bbox 981 1382 1015 1434; x_wconf 88' lang='grc' dir='ltr'>5ο</span> 
     </span>
     <span class='ocr_line' id='line_1_16' title="bbox 60 1457 863 1531; baseline 0 -15"><span class='ocrx_word' id='word_1_96' title='bbox 60 1458 214 1527; x_wconf 82' lang='lat' dir='ltr'>Dicemus,</span> <span class='ocrx_word' id='word_1_97' title='bbox 230 1457 444 1531; x_wconf 85' lang='lat' dir='ltr'>Daphnimque</span> <span class='ocrx_word' id='word_1_98' title='bbox 457 1465 543 1517; x_wconf 86' lang='lat' dir='ltr'>tuum</span> <span class='ocrx_word' id='word_1_99' title='bbox 555 1458 698 1517; x_wconf 88' lang='lat' dir='ltr'>tollemus</span> <span class='ocrx_word' id='word_1_100' title='bbox 714 1458 754 1517; x_wconf 91' lang='lat' dir='ltr'>ad</span> <span class='ocrx_word' id='word_1_101' title='bbox 772 1465 863 1531; x_wconf 87' lang='lat' dir='ltr'>astro,</span> 
     </span>
    </p>
   </div>
   <div class='ocr_carea' id='block_1_3' title="bbox 58 1538 1117 1616">
    <p class='ocr_par' dir='ltr' id='par_1_4' title="bbox 58 1538 1117 1616">
     <span class='ocr_line' id='line_1_17' title="bbox 58 1538 1117 1616; baseline 0 -16"><span class='ocrx_word' id='word_1_102' title='bbox 58 1540 204 1616; x_wconf 85' lang='lat' dir='ltr'>Daphnin</span> <span class='ocrx_word' id='word_1_103' title='bbox 220 1540 260 1598; x_wconf 89' lang='lat' dir='ltr'>ad</span> <span class='ocrx_word' id='word_1_104' title='bbox 271 1546 355 1599; x_wconf 88' lang='lat' dir='ltr'>astra</span> <span class='ocrx_word' id='word_1_105' title='bbox 365 1540 512 1600; x_wconf 86' lang='lat' dir='ltr'>ieramus:</span> <span class='ocrx_word' id='word_1_106' title='bbox 536 1541 649 1600; x_wconf 86' lang='lat' dir='ltr'>amavit</span> <span class='ocrx_word' id='word_1_107' title='bbox 660 1557 718 1600; x_wconf 92' lang='lat' dir='ltr'>nos</span> <span class='ocrx_word' id='word_1_108' title='bbox 732 1556 855 1616; x_wconf 88' lang='lat' dir='ltr'>quoque</span> <span class='ocrx_word' id='word_1_109' title='bbox 867 1541 1014 1616; x_wconf 88' lang='lat' dir='ltr'>Daphnis.</span> <span class='ocrx_word' id='word_1_110' title='bbox 1112 1538 1117 1545; x_wconf 84' lang='lat'>&#39;</span> 
     </span>
    </p>
   </div>
   <div class='ocr_carea' id='block_1_4' title="bbox 59 1705 1028 3471">
    <p class='ocr_par' dir='ltr' id='par_1_5' title="bbox 60 1705 793 1783">
     <span class='ocr_line' id='line_1_18' title="bbox 60 1705 793 1783; baseline -0.005 -14"><span class='ocrx_word' id='word_1_111' title='bbox 60 1711 111 1769; x_wconf 84' lang='lat' dir='ltr'>An</span> <span class='ocrx_word' id='word_1_112' title='bbox 127 1707 293 1783; x_wconf 87' lang='lat' dir='ltr'>quidquam</span> <span class='ocrx_word' id='word_1_113' title='bbox 307 1705 397 1767; x_wconf 92' lang='lat' dir='ltr'>nobis</span> <span class='ocrx_word' id='word_1_114' title='bbox 412 1707 464 1766; x_wconf 89' lang='lat' dir='ltr'>tali</span> <span class='ocrx_word' id='word_1_115' title='bbox 480 1707 519 1767; x_wconf 94' lang='lat' dir='ltr'>sit</span> <span class='ocrx_word' id='word_1_116' title='bbox 533 1722 658 1767; x_wconf 87' lang='lat' dir='ltr'>munere</span> <span class='ocrx_word' id='word_1_117' title='bbox 673 1707 793 1766; x_wconf 79' lang='lat' dir='ltr'>maiust</span> 
     </span>
    </p>

    <p class='ocr_par' dir='ltr' id='par_1_6' title="bbox 61 1792 726 1868">
     <span class='ocr_line' id='line_1_19' title="bbox 61 1792 726 1868; baseline -0.005 -15"><span class='ocrx_word' id='word_1_118' title='bbox 61 1793 99 1853; x_wconf 85' lang='lat' dir='ltr'>Et</span> <span class='ocrx_word' id='word_1_119' title='bbox 113 1808 190 1868; x_wconf 86' lang='lat' dir='ltr'>puer</span> <span class='ocrx_word' id='word_1_120' title='bbox 203 1792 271 1867; x_wconf 91' lang='lat' dir='ltr'>ipse</span> <span class='ocrx_word' id='word_1_121' title='bbox 287 1792 343 1851; x_wconf 83' lang='lat' dir='ltr'>suit</span> <span class='ocrx_word' id='word_1_122' title='bbox 357 1792 470 1851; x_wconf 90' lang='lat' dir='ltr'>cantari</span> <span class='ocrx_word' id='word_1_123' title='bbox 486 1792 606 1867; x_wconf 84' lang='lat' dir='ltr'>dignus,</span> <span class='ocrx_word' id='word_1_124' title='bbox 623 1799 654 1851; x_wconf 93' lang='lat' dir='ltr'>et</span> <span class='ocrx_word' id='word_1_125' title='bbox 666 1792 726 1851; x_wconf 89' lang='lat' dir='ltr'>ista</span> 
     </span>
    </p>

    <p class='ocr_par' dir='ltr' id='par_1_7' title="bbox 60 1874 1017 2021">
     <span class='ocr_line' id='line_1_20' title="bbox 60 1874 1017 1953; baseline 0.002 -16"><span class='ocrx_word' id='word_1_126' title='bbox 60 1879 124 1937; x_wconf 91' lang='lat' dir='ltr'>lam</span> <span class='ocrx_word' id='word_1_127' title='bbox 138 1876 256 1953; x_wconf 88' lang='lat' dir='ltr'>pridem</span> <span class='ocrx_word' id='word_1_128' title='bbox 271 1876 417 1937; x_wconf 89' lang='lat' dir='ltr'>Stimicon</span> <span class='ocrx_word' id='word_1_129' title='bbox 432 1877 568 1936; x_wconf 88' lang='lat' dir='ltr'>laudavit</span> <span class='ocrx_word' id='word_1_130' title='bbox 582 1875 717 1935; x_wconf 89' lang='lat' dir='ltr'>carmina</span> <span class='ocrx_word' id='word_1_131' title='bbox 730 1874 829 1934; x_wconf 91' lang='lat' dir='ltr'>nobis.</span> <span class='ocrx_word' id='word_1_132' title='bbox 983 1886 1017 1939; x_wconf 94' lang='grc'>55</span> 
     </span>
     <span class='ocr_line' id='line_1_21' title="bbox 402 1958 747 2021; baseline 0.003 -1"><span class='ocrx_word' id='word_1_133' title='bbox 402 1958 670 2021; x_wconf 83' lang='lat' dir='ltr'><strong>MENALGAS.</strong></span> <span class='ocrx_word' id='word_1_134' title='bbox 738 1972 747 1987; x_wconf 86' lang='lat'><strong>·</strong></span> 
     </span>
    </p>

    <p class='ocr_par' dir='ltr' id='par_1_8' title="bbox 61 2043 774 2121">
     <span class='ocr_line' id='line_1_22' title="bbox 61 2043 774 2121; baseline -0.004 -16"><span class='ocrx_word' id='word_1_135' title='bbox 61 2045 217 2105; x_wconf 83' lang='lat' dir='ltr'>Candidus</span> <span class='ocrx_word' id='word_1_136' title='bbox 232 2045 384 2105; x_wconf 87' lang='lat' dir='ltr'>insuetum</span> <span class='ocrx_word' id='word_1_137' title='bbox 397 2045 521 2106; x_wconf 87' lang='lat' dir='ltr'>miratur</span> <span class='ocrx_word' id='word_1_138' title='bbox 535 2046 626 2105; x_wconf 92' lang='lat' dir='ltr'>limen</span> <span class='ocrx_word' id='word_1_139' title='bbox 643 2043 774 2121; x_wconf 84' lang='lat' dir='ltr'>Olympi,</span> 
     </span>
    </p>

    <p class='ocr_par' dir='ltr' id='par_1_9' title="bbox 62 2128 871 2205">
     <span class='ocr_line' id='line_1_23' title="bbox 62 2128 871 2205; baseline -0.005 -14"><span class='ocrx_word' id='word_1_140' title='bbox 62 2129 126 2191; x_wconf 88' lang='lat' dir='ltr'>Sub</span> <span class='ocrx_word' id='word_1_141' title='bbox 141 2128 337 2205; x_wconf 84' lang='lat' dir='ltr'>pedibusque</span> <span class='ocrx_word' id='word_1_142' title='bbox 350 2130 435 2189; x_wconf 91' lang='lat' dir='ltr'>videt</span> <span class='ocrx_word' id='word_1_143' title='bbox 448 2129 547 2190; x_wconf 90' lang='lat' dir='ltr'>nubes</span> <span class='ocrx_word' id='word_1_144' title='bbox 563 2137 592 2190; x_wconf 89' lang='lat' dir='ltr'>et</span> <span class='ocrx_word' id='word_1_145' title='bbox 606 2129 710 2190; x_wconf 87' lang='lat' dir='ltr'>sidera</span> <span class='ocrx_word' id='word_1_146' title='bbox 723 2128 871 2204; x_wconf 90' lang='lat' dir='ltr'>Daphnis.</span> 
     </span>
    </p>

    <p class='ocr_par' dir='ltr' id='par_1_10' title="bbox 59 2213 783 2289">
     <span class='ocr_line' id='line_1_24' title="bbox 59 2213 783 2289; baseline -0.001 -15"><span class='ocrx_word' id='word_1_147' title='bbox 59 2214 142 2289; x_wconf 81' lang='lat' dir='ltr'>Ergo</span> <span class='ocrx_word' id='word_1_148' title='bbox 158 2213 267 2273; x_wconf 85' lang='lat' dir='ltr'>alacris</span> <span class='ocrx_word' id='word_1_149' title='bbox 284 2214 379 2274; x_wconf 88' lang='lat' dir='ltr'>silvas</span> <span class='ocrx_word' id='word_1_150' title='bbox 394 2220 425 2275; x_wconf 86' lang='lat' dir='ltr'>et</span> <span class='ocrx_word' id='word_1_151' title='bbox 438 2222 541 2275; x_wconf 89' lang='lat' dir='ltr'>cetera</span> <span class='ocrx_word' id='word_1_152' title='bbox 554 2230 626 2274; x_wconf 90' lang='lat' dir='ltr'>rura</span> <span class='ocrx_word' id='word_1_153' title='bbox 638 2214 783 2288; x_wconf 85' lang='lat' dir='ltr'>voluptas</span> 
     </span>
    </p>

    <p class='ocr_par' dir='ltr' id='par_1_11' title="bbox 60 2298 884 2375">
     <span class='ocr_line' id='line_1_25' title="bbox 60 2298 884 2375; baseline -0.005 -16"><span class='ocrx_word' id='word_1_154' title='bbox 60 2298 206 2372; x_wconf 86' lang='lat' dir='ltr'>Panaque</span> <span class='ocrx_word' id='word_1_155' title='bbox 220 2305 424 2375; x_wconf 86' lang='lat' dir='ltr'>pastoresque</span> <span class='ocrx_word' id='word_1_156' title='bbox 440 2305 521 2358; x_wconf 90' lang='lat' dir='ltr'>tenet</span> <span class='ocrx_word' id='word_1_157' title='bbox 534 2299 740 2375; x_wconf 84' lang='lat' dir='ltr'>Dryadasque</span> <span class='ocrx_word' id='word_1_158' title='bbox 755 2298 884 2372; x_wconf 72' lang='lat' dir='ltr'>puellas,</span> 
     </span>
    </p>

    <p class='ocr_par' dir='ltr' id='par_1_12' title="bbox 60 2382 1018 2459">
     <span class='ocr_line' id='line_1_26' title="bbox 60 2382 1018 2459; baseline 0.004 -17"><span class='ocrx_word' id='word_1_159' title='bbox 60 2383 123 2442; x_wconf 88' lang='lat' dir='ltr'>Nec</span> <span class='ocrx_word' id='word_1_160' title='bbox 139 2384 230 2458; x_wconf 90' lang='lat' dir='ltr'>lupus</span> <span class='ocrx_word' id='word_1_161' title='bbox 245 2383 373 2444; x_wconf 89' lang='lat' dir='ltr'>insidias</span> <span class='ocrx_word' id='word_1_162' title='bbox 388 2384 503 2459; x_wconf 87' lang='lat' dir='ltr'>pecori,</span> <span class='ocrx_word' id='word_1_163' title='bbox 519 2399 576 2442; x_wconf 90' lang='lat' dir='ltr'>nec</span> <span class='ocrx_word' id='word_1_164' title='bbox 589 2383 665 2441; x_wconf 88' lang='lat' dir='ltr'>retia</span> <span class='ocrx_word' id='word_1_165' title='bbox 680 2382 779 2441; x_wconf 75' lang='lat' dir='ltr'>certis</span> <span class='ocrx_word' id='word_1_166' title='bbox 983 2390 1018 2446; x_wconf 86' lang='lat'>60</span> 
     </span>
    </p>

    <p class='ocr_par' dir='ltr' id='par_1_13' title="bbox 61 2463 918 2549">
     <span class='ocr_line' id='line_1_27' title="bbox 61 2463 918 2549; baseline -0.001 -23"><span class='ocrx_word' id='word_1_167' title='bbox 61 2467 130 2526; x_wconf 89' lang='lat' dir='ltr'>Ulla</span> <span class='ocrx_word' id='word_1_168' title='bbox 145 2463 250 2526; x_wconf 93' lang='lat' dir='ltr'>dolum</span> <span class='ocrx_word' id='word_1_169' title='bbox 263 2466 459 2541; x_wconf 81' lang='lat' dir='ltr'>meditantur:</span> <span class='ocrx_word' id='word_1_170' title='bbox 482 2473 563 2528; x_wconf 89' lang='lat' dir='ltr'>amat</span> <span class='ocrx_word' id='word_1_171' title='bbox 579 2466 680 2549; x_wconf 90' lang='lat' dir='ltr'>bonus</span> <span class='ocrx_word' id='word_1_172' title='bbox 696 2466 758 2525; x_wconf 86' lang='lat' dir='ltr'>otia</span> <span class='ocrx_word' id='word_1_173' title='bbox 771 2465 918 2541; x_wconf 88' lang='lat' dir='ltr'>Daphnis.</span> 
     </span>
    </p>

    <p class='ocr_par' dir='ltr' id='par_1_14' title="bbox 62 2550 662 2626">
     <span class='ocr_line' id='line_1_28' title="bbox 62 2550 662 2626; baseline 0.003 -18"><span class='ocrx_word' id='word_1_174' title='bbox 62 2551 125 2626; x_wconf 88' lang='lat' dir='ltr'>lpsi</span> <span class='ocrx_word' id='word_1_175' title='bbox 140 2550 254 2610; x_wconf 87' lang='lat' dir='ltr'>laetitia</span> <span class='ocrx_word' id='word_1_176' title='bbox 267 2564 362 2610; x_wconf 87' lang='lat' dir='ltr'>voces</span> <span class='ocrx_word' id='word_1_177' title='bbox 377 2551 418 2610; x_wconf 89' lang='lat' dir='ltr'>ad</span> <span class='ocrx_word' id='word_1_178' title='bbox 433 2551 536 2612; x_wconf 84' lang='lat' dir='ltr'>sidera</span> <span class='ocrx_word' id='word_1_179' title='bbox 550 2551 662 2611; x_wconf 86' lang='lat' dir='ltr'>iactant</span> 
     </span>
    </p>

    <p class='ocr_par' dir='ltr' id='par_1_15' title="bbox 62 2635 953 2712">
     <span class='ocr_line' id='line_1_29' title="bbox 62 2635 953 2712; baseline 0.003 -20"><span class='ocrx_word' id='word_1_180' title='bbox 62 2635 178 2695; x_wconf 90' lang='lat' dir='ltr'>Intonsi</span> <span class='ocrx_word' id='word_1_181' title='bbox 192 2641 321 2708; x_wconf 89' lang='lat' dir='ltr'>montes,</span> <span class='ocrx_word' id='word_1_182' title='bbox 335 2635 424 2710; x_wconf 89' lang='lat' dir='ltr'>ipsae</span> <span class='ocrx_word' id='word_1_183' title='bbox 437 2636 497 2695; x_wconf 90' lang='lat' dir='ltr'>iam</span> <span class='ocrx_word' id='word_1_184' title='bbox 512 2636 646 2695; x_wconf 88' lang='lat' dir='ltr'>carmina</span> <span class='ocrx_word' id='word_1_185' title='bbox 659 2650 768 2712; x_wconf 82' lang='lat' dir='ltr'>rupes;</span> <span class='ocrx_word' id='word_1_186' title='bbox 948 2705 953 2711; x_wconf 46' lang='lat'><em>‚</em></span> 
     </span>
    </p>

    <p class='ocr_par' dir='ltr' id='par_1_16' title="bbox 62 2719 880 2794">
     <span class='ocr_line' id='line_1_30' title="bbox 62 2719 880 2794; baseline 0.001 -17"><span class='ocrx_word' id='word_1_187' title='bbox 62 2719 136 2793; x_wconf 91' lang='lat' dir='ltr'>lpsa</span> <span class='ocrx_word' id='word_1_188' title='bbox 150 2725 262 2779; x_wconf 93' lang='lat' dir='ltr'>sonant</span> <span class='ocrx_word' id='word_1_189' title='bbox 275 2719 401 2780; x_wconf 85' lang='lat' dir='ltr'>arbusta</span> <span class='ocrx_word' id='word_1_190' title='bbox 414 2719 526 2794; x_wconf 71' lang='lat' dir='ltr'>„Deus</span> <span class='ocrx_word' id='word_1_191' title='bbox 543 2720 620 2780; x_wconf 82' lang='lat' dir='ltr'>deus</span> <span class='ocrx_word' id='word_1_192' title='bbox 635 2720 716 2793; x_wconf 47' lang='lat' dir='ltr'>illest,</span> <span class='ocrx_word' id='word_1_193' title='bbox 731 2719 880 2779; x_wconf 88' lang='lat' dir='ltr'>Menalca.</span> 
     </span>
    </p>

    <p class='ocr_par' dir='ltr' id='par_1_17' title="bbox 65 2801 1017 2879">
     <span class='ocr_line' id='line_1_31' title="bbox 65 2801 1017 2879; baseline 0.001 -18"><span class='ocrx_word' id='word_1_194' title='bbox 65 2801 115 2861; x_wconf 90' lang='lat' dir='ltr'>Sis</span> <span class='ocrx_word' id='word_1_195' title='bbox 128 2801 229 2863; x_wconf 91' lang='lat' dir='ltr'>bonus</span> <span class='ocrx_word' id='word_1_196' title='bbox 244 2819 262 2863; x_wconf 98' lang='lat' dir='ltr'><em>o</em></span> <span class='ocrx_word' id='word_1_197' title='bbox 278 2804 413 2879; x_wconf 79' lang='lat' dir='ltr'>felixque</span> <span class='ocrx_word' id='word_1_198' title='bbox 426 2805 502 2863; x_wconf 87' lang='lat' dir='ltr'>tuis!</span> <span class='ocrx_word' id='word_1_199' title='bbox 526 2818 564 2864; x_wconf 89' lang='lat' dir='ltr'>en</span> <span class='ocrx_word' id='word_1_200' title='bbox 580 2811 709 2879; x_wconf 91' lang='lat' dir='ltr'>quatuor</span> <span class='ocrx_word' id='word_1_201' title='bbox 723 2818 809 2863; x_wconf 66' lang='lat' dir='ltr'>arnse</span> <span class='ocrx_word' id='word_1_202' title='bbox 982 2804 1017 2863; x_wconf 87' lang='grc'>65</span> 
     </span>
    </p>

    <p class='ocr_par' dir='ltr' id='par_1_18' title="bbox 63 2886 1028 2964">
     <span class='ocr_line' id='line_1_32' title="bbox 63 2886 1028 2964; baseline 0 -18"><span class='ocrx_word' id='word_1_203' title='bbox 63 2887 144 2946; x_wconf 86' lang='lat' dir='ltr'>Ecce</span> <span class='ocrx_word' id='word_1_204' title='bbox 157 2888 236 2948; x_wconf 90' lang='lat' dir='ltr'>duas</span> <span class='ocrx_word' id='word_1_205' title='bbox 250 2887 314 2962; x_wconf 88' lang='lat' dir='ltr'>tibi,</span> <span class='ocrx_word' id='word_1_206' title='bbox 328 2886 459 2964; x_wconf 88' lang='lat' dir='ltr'>Daphni,</span> <span class='ocrx_word' id='word_1_207' title='bbox 475 2888 553 2948; x_wconf 90' lang='lat' dir='ltr'>duas</span> <span class='ocrx_word' id='word_1_208' title='bbox 568 2888 674 2948; x_wconf 88' lang='lat' dir='ltr'>altaria</span> <span class='ocrx_word' id='word_1_209' title='bbox 687 2887 822 2948; x_wconf 89' lang='lat' dir='ltr'>Phoebo.</span> <span class='ocrx_word' id='word_1_210' title='bbox 901 2918 905 2923; x_wconf 96' lang='lat'>·</span> <span class='ocrx_word' id='word_1_211' title='bbox 1024 2920 1028 2929; x_wconf 91' lang='lat'>·</span> 
     </span>
    </p>

    <p class='ocr_par' dir='ltr' id='par_1_19' title="bbox 62 2970 821 3048">
     <span class='ocr_line' id='line_1_33' title="bbox 62 2970 821 3048; baseline 0.001 -19"><span class='ocrx_word' id='word_1_212' title='bbox 62 2970 177 3031; x_wconf 86' lang='lat' dir='ltr'>Pocula</span> <span class='ocrx_word' id='word_1_213' title='bbox 192 2972 266 3031; x_wconf 90' lang='lat' dir='ltr'>bina</span> <span class='ocrx_word' id='word_1_214' title='bbox 279 2986 362 3031; x_wconf 89' lang='lat' dir='ltr'>novo</span> <span class='ocrx_word' id='word_1_215' title='bbox 377 2972 550 3048; x_wconf 85' lang='lat' dir='ltr'>spumantia</span> <span class='ocrx_word' id='word_1_216' title='bbox 565 2973 642 3033; x_wconf 91' lang='lat' dir='ltr'>lacte</span> <span class='ocrx_word' id='word_1_217' title='bbox 657 2972 821 3047; x_wconf 88' lang='lat' dir='ltr'>quotannis</span> 
     </span>
    </p>

    <p class='ocr_par' dir='ltr' id='par_1_20' title="bbox 63 3056 810 3133">
     <span class='ocr_line' id='line_1_34' title="bbox 63 3056 810 3133; baseline 0 -19"><span class='ocrx_word' id='word_1_218' title='bbox 63 3056 266 3132; x_wconf 78' lang='lat' dir='ltr'>craterasque</span> <span class='ocrx_word' id='word_1_219' title='bbox 281 3057 361 3117; x_wconf 92' lang='lat' dir='ltr'>duos</span> <span class='ocrx_word' id='word_1_220' title='bbox 377 3063 507 3117; x_wconf 86' lang='lat' dir='ltr'>statuam</span> <span class='ocrx_word' id='word_1_221' title='bbox 522 3056 575 3116; x_wconf 90' lang='lat' dir='ltr'>tibi</span> <span class='ocrx_word' id='word_1_222' title='bbox 589 3057 711 3133; x_wconf 83' lang='lat' dir='ltr'>pinguis</span> <span class='ocrx_word' id='word_1_223' title='bbox 727 3056 810 3128; x_wconf 87' lang='lat' dir='ltr'>olivi,</span> 
     </span>
    </p>

    <p class='ocr_par' dir='ltr' id='par_1_21' title="bbox 62 3140 828 3216">
     <span class='ocr_line' id='line_1_35' title="bbox 62 3140 828 3216; baseline 0 -16"><span class='ocrx_word' id='word_1_224' title='bbox 62 3141 101 3200; x_wconf 84' lang='lat' dir='ltr'>Et</span> <span class='ocrx_word' id='word_1_225' title='bbox 114 3140 208 3200; x_wconf 90' lang='lat' dir='ltr'>multo</span> <span class='ocrx_word' id='word_1_226' title='bbox 223 3140 254 3199; x_wconf 94' lang='lat' dir='ltr'>in</span> <span class='ocrx_word' id='word_1_227' title='bbox 268 3141 374 3216; x_wconf 89' lang='lat' dir='ltr'>primis</span> <span class='ocrx_word' id='word_1_228' title='bbox 389 3141 523 3202; x_wconf 87' lang='lat' dir='ltr'>hilarans</span> <span class='ocrx_word' id='word_1_229' title='bbox 539 3142 683 3202; x_wconf 88' lang='lat' dir='ltr'>convivia</span> <span class='ocrx_word' id='word_1_230' title='bbox 695 3140 828 3214; x_wconf 83' lang='lat' dir='ltr'>Baccho,</span> 
     </span>
    </p>

    <p class='ocr_par' dir='ltr' id='par_1_22' title="bbox 64 3224 1019 3301">
     <span class='ocr_line' id='line_1_36' title="bbox 64 3224 1019 3301; baseline -0.003 -17"><span class='ocrx_word' id='word_1_231' title='bbox 64 3228 144 3285; x_wconf 84' lang='lat' dir='ltr'>Ante</span> <span class='ocrx_word' id='word_1_232' title='bbox 158 3225 271 3299; x_wconf 79' lang='lat' dir='ltr'>locum·</span> <span class='ocrx_word' id='word_1_233' title='bbox 286 3225 313 3285; x_wconf 88' lang='lat' dir='ltr'>si</span> <span class='ocrx_word' id='word_1_234' title='bbox 327 3226 422 3300; x_wconf 81' lang='lat' dir='ltr'>frigus</span> <span class='ocrx_word' id='word_1_235' title='bbox 438 3226 502 3301; x_wconf 87' lang='lat' dir='ltr'>erit,</span> <span class='ocrx_word' id='word_1_236' title='bbox 518 3226 545 3286; x_wconf 86' lang='lat' dir='ltr'>si</span> <span class='ocrx_word' id='word_1_237' title='bbox 559 3227 681 3297; x_wconf 85' lang='lat' dir='ltr'>messis,</span> <span class='ocrx_word' id='word_1_238' title='bbox 697 3224 866 3299; x_wconf 75' lang='lat' dir='ltr'>inumbra·</span> <span class='ocrx_word' id='word_1_239' title='bbox 888 3250 891 3255; x_wconf 95' lang='lat'>·</span> <span class='ocrx_word' id='word_1_240' title='bbox 961 3226 964 3231; x_wconf 75' lang='grc'>’</span> <span class='ocrx_word' id='word_1_241' title='bbox 984 3226 1019 3281; x_wconf 82' lang='lat' dir='ltr'>to</span> 
     </span>
    </p>

    <p class='ocr_par' dir='ltr' id='par_1_23' title="bbox 67 3308 818 3372">
     <span class='ocr_line' id='line_1_37' title="bbox 67 3308 818 3372; baseline 0.003 -6"><span class='ocrx_word' id='word_1_242' title='bbox 67 3309 146 3367; x_wconf 87' lang='lat' dir='ltr'>Vina</span> <span class='ocrx_word' id='word_1_243' title='bbox 158 3322 274 3369; x_wconf 87' lang='lat' dir='ltr'>novum</span> <span class='ocrx_word' id='word_1_244' title='bbox 287 3309 413 3369; x_wconf 86' lang='lat' dir='ltr'>lundam</span> <span class='ocrx_word' id='word_1_245' title='bbox 428 3310 554 3372; x_wconf 80' lang='lat' dir='ltr'>calathis</span> <span class='ocrx_word' id='word_1_246' title='bbox 568 3308 693 3370; x_wconf 86' lang='lat' dir='ltr'>Ariusia</span> <span class='ocrx_word' id='word_1_247' title='bbox 705 3315 818 3369; x_wconf 87' lang='lat' dir='ltr'>nectar.</span> 
     </span>
    </p>

    <p class='ocr_par' dir='ltr' id='par_1_24' title="bbox 66 3391 890 3471">
     <span class='ocr_line' id='line_1_38' title="bbox 66 3391 890 3471; baseline 0.005 -22"><span class='ocrx_word' id='word_1_248' title='bbox 66 3391 234 3454; x_wconf 85' lang='lat' dir='ltr'>Cantabunt</span> <span class='ocrx_word' id='word_1_249' title='bbox 246 3393 318 3453; x_wconf 93' lang='lat' dir='ltr'>mihi</span> <span class='ocrx_word' id='word_1_250' title='bbox 332 3394 497 3456; x_wconf 81' lang='lat' dir='ltr'>Damoetas</span> <span class='ocrx_word' id='word_1_251' title='bbox 511 3400 541 3455; x_wconf 89' lang='lat' dir='ltr'>et</span> <span class='ocrx_word' id='word_1_252' title='bbox 553 3394 679 3471; x_wconf 79' lang='lat' dir='ltr'>Lyctius</span> <span class='ocrx_word' id='word_1_253' title='bbox 693 3393 818 3470; x_wconf 76' lang='lat' dir='ltr'>Aegom</span> <span class='ocrx_word' id='word_1_254' title='bbox 887 3408 890 3415; x_wconf 92' lang='lat'>·</span> 
     </span>
    </p>
   </div>
   <div class='ocr_carea' id='block_1_5' title="bbox 0 0 1171 3780">
    <p class='ocr_par' dir='ltr' id='par_1_25' title="bbox 0 0 1171 3780">
     <span class='ocr_line' id='line_1_39' title="bbox 0 0 1171 3780; baseline 0 0"><span class='ocrx_word' id='word_1_255' title='bbox 0 0 1171 3780; x_wconf 95' lang='lat' dir='ltr'> </span> 
     </span>
    </p>
   </div>
  </div>
 </body>
</html>
