2340 4296
159 612 225 676 306
437 606 472 669 P.
491 606 656 669 VIRGILII
675 606 850 669 uultoms

160 811 180 842 ‚‚
189 762 310 841 „Ambo
325 759 443 835 animis,
458 758 550 819 umbo
565 760 701 836 insignes
716 760 945 837 praestantibus
960 764 1062 827 arnus

159 847 265 925 „„Hie
279 846 392 924 pietote
404 844 500 921 prior.
536 842 650 905 coeant
663 846 694 905 in
709 846 836 907 foedera
850 846 992 920 dextrae,

160 930 276 1009 ,moue
289 931 393 1001 dotum
415 934 465 989 est
477 928 570 1003 ermis
585 937 766 989 concurrant
780 946 864 989 orme
878 938 1033 993 cavete!“

159 1016 218 1095 „Et
230 1029 383 1091 response
396 1012 486 1073 simul
499 1028 579 1089 quoe
593 1013 661 1089 sint,
676 1030 731 1074 rex
745 1015 868 1090 optime,
882 1016 971 1091 regis

159 1099 311 1177 „Audisti
327 1104 357 1159 et
372 1112 452 1174 quoe
466 1096 505 1157 sit
518 1112 628 1172 magno
644 1099 794 1158 sententie
806 1097 921 1159 bello.“
1080 1113 1132 1167 295

158 1184 221 1245 Vix
235 1200 274 1245 ee
286 1182 392 1259 legeti3
414 1181 581 1257 veriusque
594 1196 651 1258 per
665 1198 720 1243 ore
734 1183 864 1243 cucurrit

158 1268 353 1330 Ausonidum
365 1265 485 1327 turbata
498 1266 625 1326 fremor:
648 1282 706 1328 eeu
720 1282 797 1327 sexo
809 1273 971 1328 morentur

160 1354 258 1427 Quum
270 1352 397 1428 rapidos
411 1364 526 1423 amnes,
541 1349 576 1408 iit
589 1351 695 1411 clauso
710 1351 827 1427 gurgite
841 1366 992 1427 murmur,

158 1438 348 1511 vicinaeque
362 1436 493 1494 fremunt
505 1433 591 1509 ripue
606 1435 823 1510 crepitantibus
837 1434 940 1495 undis.

158 1522 199 1585 Ut
211 1520 341 1597 primum
354 1517 466 1593 placati
480 1517 572 1576 enimi
587 1526 618 1578 et
631 1518 752 1595 trepido
766 1534 820 1579 ora
835 1520 989 1599 quierunt,
1080 1536 1133 1590 aue

158 1604 316 1665 Pneesetus
330 1602 421 1663 divos
436 1601 515 1661 solio
529 1616 586 1661 rex
599 1602 665 1663 infit
678 1602 716 1662 ab
732 1604 809 1663 altor

159 1690 259 1763 „Ante
274 1685 416 1761 equidem
431 1701 548 1745 summe
563 1685 603 1746 de
615 1703 651 1747 re
665 1688 817 1760 statuisse,
831 1686 939 1763 Latini,

158 1772 216 1847 „Et
229 1771 347 1843 vellem,
364 1777 394 1830 et
407 1766 505 1831 fueret
518 1770 638 1845 melius,
652 1787 713 1832 non
728 1778 865 1847 tempore
877 1772 930 1831 teli

158 1855 297 1931 „cogere
311 1854 481 1929 concilium,
497 1870 592 1931 quum
605 1871 709 1916 muros
724 1857 841 1917 assidet
854 1855 966 1916 hostis.

158 1940 296 2015 „Bellum
310 1939 523 2015 importunum,
538 1939 632 2012 cives,
649 1955 718 2000 cum
732 1946 822 2016 gente
836 1940 968 2001 deorum
1075 1956 1129 2011 305

158 2024 366 2100 „Invictisquo
379 2023 453 2083 viris
468 2022 611 2098 gerimus,
627 2039 706 2098 quos
721 2026 805 2085 nullo
817 2024 944 2098 fatigent

158 2108 304 2182 „Proeiiu
320 2123 377 2167 nec
391 2107 462 2167 victi
477 2114 608 2183 possunt
621 2107 771 2169 obsistere
785 2109 874 2169 ferro.

157 2192 272 2269 „Spem
287 2192 313 2252 si
329 2208 419 2267 quom
434 2191 560 2252 adscitis
573 2192 716 2253 Aetolum
730 2192 878 2254 habuistis
893 2191 923 2252 in
937 2197 1048 2271 ermis,

158 2276 297 2349 „Ponites
312 2292 386 2352 spes
393 2276 451 2336 sibi
461 2276 601 2353 quisque.
624 2275 686 2337 Sed
693 2277 771 2338 haec
778 2294 869 2353 quem
877 2287 1021 2355 anguste,
1032 2284 1125 2345 vide·

158 2361 286 2434 „Cotem
300 2377 360 2435 que
375 2376 475 2421 rerum
488 2360 607 2431 iaceant
620 2362 763 2437 perculso
775 2362 871 2433 ruine,
949 2363 1021 2437 [tis;
1070 2378 1128 2433 310

157 2448 257 2519 „Ante
271 2446 378 2505 oculos
393 2445 531 2521 interque
545 2462 653 2505 manus
669 2452 740 2507 sunt
754 2445 857 2506 omnia
871 2452 1005 2507 vestros.

157 2529 241 2599 „Nec
256 2544 438 2606 quemquam
453 2530 577 2590 inenso=
598 2530 791 2606 potuitquae
804 2529 933 2605 plurime
945 2531 1049 2597 virtus

157 2613 265 2687 „Esse
282 2614 351 2684 iuit;
373 2620 437 2673 toto
453 2620 597 2673 certatum
613 2620 803 2690 est‘corpore
817 2614 912 2688 regni.

157 2697 264 2769 „Nunc
278 2698 366 2771 odeo,
383 2713 463 2773 quoe
477 2698 517 2758 sit
531 2697 642 2757 dubiae
657 2699 807 2760 sententia
819 2698 920 2773 menti,
938 2700 941 2705 '

156 2782 346 2857 „Expediom
361 2787 391 2841 et
404 2782 511 2857 paucis
525 2815 538 2824 -
552 2782 670 2843 animos
686 2782 828 2843 adhibete
842 2814 854 2825 -
869 2781 1003 2846 docebo.
1067 2798 1124 2853 315

156 2865 231 2936 „Est
245 2866 386 2940 antiquus
402 2880 474 2940 ager
487 2864 585 2926 Tusco
600 2866 671 2925 mihi
686 2868 844 2943 proximus
858 2866 950 2943 omni,

157 2949 300 3024 „Longus
315 2950 345 3008 in
361 2964 514 3021 oceasum,
529 2950 606 3011 iines
623 2967 717 3027 snper
731 2966 833 3028 usque
845 2950 995 3025 Sisenem

155 3032 317 3104 „Aurunci
326 3033 487 3109 Rutulique
502 3042 606 3095 serunt
620 3043 649 3095 et
662 3052 787 3097 vomere
801 3038 896 3096 duros

155 3116 325 3190 „Exercent
339 3118 443 3194 colles,
458 3125 551 3193 etque
564 3119 673 3180 horum
688 3121 856 3197 asperrimo
869 3130 1013 3196 pascunt

155 3202 260 3273 „Hom
274 3203 371 3262 omnis
385 3204 470 3279 regio
485 3210 515 3262 et
528 3204 602 3264 celsi
617 3205 710 3281 plage
723 3206 815 3282 pinee
829 3204 941 3263 montis
1066 3218 1124 3275 320

155 3286 271 3358 „Cedet
283 3286 440 3348 amicitiae·
446 3287 638 3363 Teucrorum,
655 3297 685 3349 et
699 3290 833 3350 foederis
847 3303 966 3362 aequas

155 3370 319 3441 „dicemus
333 3373 428 3447 leges,
445 3371 613 3449 sociosque
627 3374 658 3433 in
673 3390 768 3450 regne
780 3388 943 3442 vocemns;

154 3454 350 3529 „considunt
366 3457 392 3516 si
408 3464 507 3517 tentus
524 3473 618 3531 emor,
633 3465 664 3518 et
677 3459 798 3519 moenio
811 3457 954 3518 condent.

153 3538 228 3611 „Sin
243 3541 321 3602 aiios
336 3542 414 3602 dnes
429 3541 581 3617 aliamque
596 3557 761 3619 capessere
774 3550 895 3617 gentem

152 3622 229 3699 „Est
242 3625 369 3699 animus,
386 3633 578 3703 possuntque
591 3627 660 3688 seio
676 3628 827 3688 decedere
840 3632 963 3697 nostro;
1067 3640 1124 3697 ³25

152 3706 227 3781 „Bis
241 3708 337 3770 denas
352 3711 427 3771 Italo
443 3719 582 3773 texemus
595 3711 708 3772 robore
722 3727 827 3785 neves,

152 3788 237 3863 „Seu
252 3792 355 3866 plnres
371 3798 525 3871 complere
538 3798 655 3856 veiente
672 3796 756 3856 iacet
769 3795 867 3857 omnis
882 3793 1060 3859 edendnm

147 3872 331 3955 „Materiesz
352 3878 414 3957 ipsi
427 3896 646 3957 numerumque
659 3881 846 3956 modumque
861 3876 972 3939 cerinis
