2326 3780
103 186 125 253 6
370 190 401 250 Ρ.
425 191 585 251 VlRGlLll
607 191 783 255 MAROMS

439 341 709 405 DAMOETAS.

106 426 178 499 lion,
196 442 300 489 verum
314 428 465 504 depono:
487 442 585 502 nuper
598 426 671 487 mihi
684 428 811 489 tradidit
823 432 960 509 Aegon.

440 510 600 570 MENAL
609 510 707 573 cAS.

103 594 209 655 inieiix
224 610 243 655 o
259 608 389 670 semper,
404 608 490 667 oves,
505 603 618 670 pecus!
641 596 711 673 ipse
723 595 879 657 Neaeram

103 678 180 740 irum
195 679 278 743 iovet
291 693 337 751 ao,
351 693 391 738 ne
403 692 452 737 me
467 677 526 738 sibi
539 679 694 755 praeierat
706 680 766 751 iila,
781 689 926 759 veretur,

101 762 157 823 iiio
171 763 289 825 alienus
304 776 380 823 oves
391 768 496 823 eustos
509 761 558 823 bis
573 763 830 839 muigetinirora,
1050 780 1063 831 t

101 852 135 911 Et
144 866 254 912 snoous
268 845 372 925 pecori
382 852 412 907 ot
422 846 471 907 lac
484 846 664 909 subducitur
677 849 775 923 agnis.

437 928 706 993 DAMOETAS.

101 1014 223 1075 Parcius
238 1014 297 1074 ista
309 1014 385 1074 viris
399 1020 499 1075 tamen
514 1014 688 1075 obiicienda
700 1022 871 1075 momentus

103 1098 254 1172 Novimus,
271 1098 368 1173 etqui
380 1104 420 1171 to,
434 1106 612 1159 transversa
629 1099 782 1160 tuentibus
795 1098 904 1175 hircis,

100 1180 137 1243 itt
152 1185 285 1257 quo-sed
297 1181 405 1246 tacitos
419 1182 580 1258 Nymphae
592 1183 818 1245 riseresaeelio

438 1265 598 1327 MENAL
607 1267 704 1329 cAS.

100 1349 181 1423 Tum,
202 1350 303 1425 oredo,
320 1366 413 1426 quum
426 1365 475 1410 me
490 1349 646 1412 arbustum
660 1351 767 1412 videre
780 1348 916 1413 Miconis
945 1368 952 1377 ·
1034 1367 1061 1418 tt

100 1436 200 1509 Atque
215 1435 295 1495 mala
308 1435 387 1496 vites
402 1435 537 1496 incidere
551 1437 630 1497 faite
644 1436 793 1497 novellas.

435 1534 705 1596 DAMOETAS.

99 1617 160 1677 Aut
175 1616 223 1676 hio
237 1618 278 1677 ad
293 1626 410 1679 veteres
426 1620 515 1695 iagos
530 1636 623 1694 quum
636 1618 807 1694 Daphnidis
822 1632 932 1681 areum

98 1698 225 1777 Fregisti
240 1709 271 1762 et
284 1703 435 1764 talamona
457 1718 538 1780 quaa
551 1713 593 1776 tu,
608 1717 754 1780 perverso
768 1702 921 1779 Monalos,

98 1782 144 1856 Et,
160 1802 253 1863 quum
268 1787 370 1848 vidisti
383 1784 480 1864 puero
495 1788 617 1860 donata,
634 1786 771 1859 dolebas,

98 1866 143 1942 Et,
159 1871 185 1930 ei
200 1886 261 1930 non
275 1872 377 1946 aliqua
390 1871 561 1942 noctusses,
578 1877 714 1932 mortuus
729 1884 827 1931 esses.
1026 1882 1053 1935 lt

440 1968 704 2030 MENALCAS.

98 2048 176 2123 Quid
191 2051 305 2110 domini
320 2050 439 2123 iaciant,
456 2051 569 2111 audent
583 2068 675 2127 quum
688 2055 761 2114 talia
775 2053 879 2112 iurest

98 2132 164 2193 Non
179 2148 236 2207 ego
252 2140 281 2193 te
294 2132 358 2193 vidi
371 2134 526 2210 Damonis,
541 2137 685 2213 pessime,
702 2152 827 2213 caprum

97 2214 247 2291 Excipere
260 2217 388 2291 insidiis,
404 2218 529 2280 muitum
542 2222 669 2283 latrante
682 2222 835 2299 Lyciscae

97 2298 134 2360 Et
148 2316 240 2376 quum
255 2301 415 2363 clamarem
429 2306 516 2379 „Quo
531 2320 613 2368 nune
627 2322 662 2368 se
676 2305 804 2382 proripit
817 2305 889 2365 illei

97 2383 228 2459 „Tityre
245 2399 321 2461 coge
335 2392 478 2465 pecus!“,
499 2395 532 2450 tu
546 2396 618 2467 post
632 2396 752 2450 sareon
765 2388 892 2449 latebas.
1021 2402 1051 2457 so

434 2486 703 2550 DAMOETAS.

96 2574 146 2629 An
160 2568 231 2629 mihi
246 2574 396 2633 tantando
411 2574 509 2633 vidtus
523 2588 585 2633 non
599 2571 741 2632 redderet
755 2572 812 2645 iile,

97 2653 192 2729 Quem
205 2671 274 2716 mea
287 2658 470 2718 carminibus
485 2656 646 2716 meruisset
660 2654 761 2717 fistula
776 2663 923 2731 caprum?

97 2734 130 2799 Sl
145 2740 255 2813 neseis,
271 2758 357 2805 meus
371 2741 422 2802 ille
437 2755 530 2817 caper
543 2738 612 2812 iirit3
636 2738 750 2800 etmihi
764 2739 883 2799 Damon

97 2822 168 2900 Ipse
183 2824 339 2899 fatebatur,
355 2824 412 2886 sed
425 2824 555 2884 reddere
568 2838 665 2899 posse
679 2822 819 2900 negabat.

436 2920 700 2983 MENALCAS.

96 3005 252 3067 Cantando
267 3014 300 3066 tu
313 3006 434 3065 ilium..t
455 3009 505 3064 aut
518 3021 653 3081 unquam
666 3006 719 3067 tibi
733 3006 835 3067 fistula
849 3022 921 3067 cera
1016 3022 1050 3075 25

95 3089 200 3151 Iuncta
214 3091 289 3149 iuitt
308 3088 375 3147 Non
389 3094 421 3147 tu
434 3088 464 3147 in
479 3089 585 3162 triviis,
601 3091 732 3165 indocte,
748 3090 871 3151 solebas

95 3172 240 3234 Stridenti
254 3172 397 3233 misenum
410 3172 522 3247 stipula
536 3173 715 3250 disperdere
730 3181 872 3235 parmeni

344 3326 348 3333 .
432 3269 700 3334 DAMOETAS.

95 3356 151 3415 Vis
166 3368 248 3428 ergo,
264 3352 420 3430 internos,
437 3356 509 3433 quid
524 3358 625 3433 possit
637 3364 773 3432 uterque,
789 3356 926 3416 vicissim

95 3438 314 3517 Experiamurt
333 3438 399 3515 Ego
412 3438 491 3501 hano
507 3440 683 3503 vindam-ne
697 3441 775 3503 forto
789 3454 926 3517 recuses,
