2340 4296
376 663 595 727 GEORGlCON
614 666 687 727 LIB.
702 668 751 727 ΠΙ.
997 666 1040 731 03

88 816 211 877 Vellera
224 823 375 878 mutentur
388 818 497 895 Tyrios
512 820 631 880 incocta
645 818 784 880 rubores.

88 902 218 963 Densior
232 902 302 961 liinc
317 902 457 974 suboles3
481 902 550 961 hinc
565 904 639 979 largi
654 904 745 979 copia
758 904 861 975 lactis;

87 986 184 1062 Quam
198 988 296 1063 magis
311 986 461 1047 exhausto
476 988 665 1064 spumaverit
677 986 771 1047 ubere
786 990 921 1064 mulctra,

85 1072 180 1131 Laeta
193 1070 291 1146 magis
305 1072 424 1147 pressis
440 1071 605 1132 manabunt
618 1070 745 1134 llumina
758 1074 906 1133 mammis.
988 1084 1041 1139 310

85 1156 148 1217 Nec
165 1156 267 1216 minus
281 1156 397 1216 interea
410 1156 521 1216 barbas
536 1157 707 1233 incanaque
720 1164 821 1217 menta

86 1240 228 1318 Cinyphii
243 1240 370 1301 tondent
382 1240 458 1299 lilrci
473 1248 618 1316 setasque
632 1250 799 1313 comantes,

84 1326 183 1387 Usum
197 1324 227 1383 in
243 1330 412 1385 castrorum
427 1332 455 1385 et
469 1326 589 1385 miseris
605 1326 756 1387 velamina
769 1326 878 1387 nautis

83 1410 254 1470 Pascuntur
268 1424 342 1468 vero
357 1409 452 1469 silvas
468 1417 498 1470 et
512 1426 630 1469 summa
642 1410 765 1487 Lycaei,

86 1495 315 1570 Horrentesque
329 1492 423 1553 rubos
439 1501 469 1553 et
483 1502 620 1555 amantes
635 1495 732 1555 ardua
747 1495 873 1569 dumos3
986 1504 1038 1561 313

84 1581 187 1654 Atque
201 1578 290 1653 ipsae
304 1593 456 1638 memores
471 1578 642 1638 redeuntia
657 1586 745 1652 tecta,
760 1595 899 1657 suosque

83 1662 213 1731 Ducunt,
230 1668 261 1721 et
272 1662 400 1739 gravido
417 1670 563 1739 superant
578 1664 628 1722 vix
644 1664 738 1723 ubere
752 1663 853 1725 limen.

84 1747 165 1823 Ergo
182 1744 264 1806 omni
278 1746 380 1807 studio
395 1748 524 1822 glaciem
541 1756 710 1823 ventosque
725 1748 852 1825 nivales,

88 1830 151 1903 Quo
165 1830 265 1890 minor
278 1836 326 1891 est
339 1830 398 1890 illis
414 1846 505 1891 curae
520 1832 656 1891 mortalis
671 1840 802 1907 egestas,

88 1916 224 1985 Avertes,
239 1915 414 1993 victumque
430 1916 509 1975 iores
525 1922 556 1974 ct
568 1916 673 1991 virgea
687 1916 784 1976 laetus
985 1926 1036 1981 3⁶20

89 1994 209 2073 Pabula,
222 2014 278 2059 nec
292 2006 356 2059 tota
370 1999 496 2059 claudes
511 1999 634 2059 loenilla
646 1998 763 2059 bruma.

129 2080 171 2141 Aa
182 2098 253 2143 vero
268 2082 419 2161 Zephyris
435 2100 528 2159 quum
544 2084 623 2142 laeta
639 2083 818 2144 vocantibus
833 2092 935 2145 aestas

85 2165 120 2225 ln
134 2164 229 2228 saltus
243 2176 405 2242 utrumque
419 2181 543 2241 gregem
558 2174 650 2242 atquc
664 2168 694 2226 in
710 2183 827 2243 pascua
841 2170 949 2240 mittet;

82 2249 213 2311 Luciferi
228 2253 326 2328 primo
342 2267 411 2312 cum
426 2252 527 2311 sidere
542 2251 737 2327 frigidarum

83 2334 260 2413 mamus,
278 2336 349 2396 dum
365 2352 452 2396 mane
467 2350 589 2405 novum,
605 2336 676 2395 dem
691 2336 827 2413 gramina
842 2346 957 2409 canent,
984 2346 1035 2402 303

81 2418 120 2479 Et
132 2434 187 2481 ros
202 2420 233 2480 in
246 2428 352 2481 tenera
367 2420 471 2497 pecori
486 2420 678 2497 gratissimus
694 2420 797 2481 herba.

80 2502 157 2563 lade
171 2504 223 2563 ubi
239 2513 347 2580 quarta
362 2506 441 2566 sitim
457 2504 536 2565 coeli
550 2506 706 2582 collegerit
720 2507 796 2566 hora

82 2588 119 2647 Et
132 2595 224 2649 cantu
238 2590 383 2663 querulae
398 2595 537 2666 rumpent
551 2590 675 2651 arbusta
690 2592 824 2665 cicadae,
894 2600 898 2607 '

80 2672 132 2732 nd
146 2679 257 2749 puteos
273 2680 325 2733 aut
339 2676 399 2734 ulta
412 2688 522 2749 greges
538 2675 577 2734 ad
593 2683 701 2751 stagna
715 2676 816 2736 iubeto

82 2755 258 2817 Currentem
274 2758 373 2833 ilignis
389 2764 495 2834 potare
511 2760 667 2818 canalibus
682 2762 810 2829 nndam;
982 2768 1036 2823 330

80 2840 227 2901 Aestibus
242 2848 273 2901 at
286 2843 395 2902 mediis
410 2842 585 2903 umbrosam
600 2844 761 2918 exquirere
775 2844 893 2917 vallem,

81 2922 185 2985 Sicubi
198 2942 309 3001 magna
323 2926 405 2987 Iovis
421 2928 545 3001 antiqno
561 2926 672 2986 robore
688 2942 819 3001 quercus

79 3009 223 3085 lugentes
237 3011 342 3070 tendat
354 3027 466 3081 ramos,
483 3019 533 3071 ant
548 3010 646 3071 sicubi
661 3012 777 3087 nigrum

78 3092 203 3154 ilicibus
218 3094 333 3155 crebris
349 3110 438 3156 sacra
451 3110 558 3155 nemus
574 3094 701 3155 accubet
715 3094 835 3166 umbra;

79 3178 154 3238 lum
168 3187 276 3239 tenues
292 3180 365 3240 dare
380 3196 486 3240 rursus
502 3195 599 3255 aquas
614 3186 645 3239 et
659 3194 788 3255 pascere
803 3196 908 3240 rursus
981 3189 1033 3242 335

80 3260 162 3323 Solis
176 3263 218 3324 ad
232 3278 385 3339 occasum,
403 3281 494 3340 quum
509 3263 638 3341 lrigidus
653 3266 725 3323 abra
739 3278 852 3339 vesper

78 3347 238 3423 Temperat
252 3355 283 3408 et
296 3350 391 3409 saltus
407 3349 504 3409 reficit
517 3349 578 3408 iam
591 3348 715 3409 roscida
729 3348 808 3419 luna,

77 3429 242 3507 Litoraque
257 3432 429 3511 halcyonen
444 3440 598 3506 resonant,
616 3430 807 3493 acalanthida
822 3430 913 3489 dumi.

122 3514 199 3588 Quid
214 3517 267 3576 tibi
282 3526 422 3594 pastores
437 3518 563 3596 Libyae,
581 3518 654 3593 quid
669 3532 785 3594 pascua
800 3530 891 3575 versu

76 3598 259 3675 Prosequor,
276 3610 306 3663 et
321 3605 398 3665 raris
414 3602 548 3663 habitata
559 3602 692 3678 mapalia
707 3601 815 3662 teetist
978 3608 1031 3662 340

78 3682 180 3762 Saepe
197 3687 277 3747 diem
292 3696 475 3763 noctemque
490 3695 519 3747 et
531 3693 626 3747 totum
641 3702 680 3746 ex
696 3686 802 3745 ordine
815 3697 950 3745 mensem

74 3767 214 3829 Pascitur
232 3773 314 3846 itque
330 3789 425 3849 pecus
441 3773 532 3847 longa
546 3771 577 3831 in
593 3772 713 3832 deserta
729 3771 795 3831 sine
808 3768 877 3829 ullis

75 3852 240 3930 Hospitiis=
263 3863 376 3917 tantum
392 3858 490 3933 campi
505 3857 592 3916 iacet.
629 3853 735 3915 Omnia
750 3868 855 3913 seeum

76 3937 286 4001 Armentarius
301 3943 377 4001 illcr
390 3942 460 4017 agit,
476 3948 648 4018 tectumque
662 3941 816 4016 laremque
977 3944 1029 3997 344
