2326 3780
345 203 565 265 GEORGICON
584 204 658 263 LIB.
679 207 732 265 lV.
970 207 1010 271 81

57 359 209 436 „Videris
224 359 346 433 incepto
360 363 475 432 tegeret
490 373 584 431 quum
598 357 712 417 lumina
725 362 864 419 somno.“

56 445 140 503 llaec
154 444 204 516 ait,
220 449 250 501 et
263 442 411 516 liquidum
425 440 598 499 ambrosiae
612 441 754 502 diffundit
768 442 903 515 odorem,
959 451 1010 504 ll5

57 529 123 601 Quo
137 533 233 587 totum
247 527 309 585 nati
324 541 437 601 corpus
451 524 608 600 perduxit;
630 526 716 584 atilli

56 611 161 671 Dulcis
177 609 356 685 compositis
372 609 500 685 spiravit
515 609 648 669 crinibus
664 626 747 683 aura,

56 698 159 770 Atque
173 694 283 753 habilis
298 693 442 752 membris
456 692 540 751 venit
553 693 650 767 vigor.
677 693 733 753 Est
747 709 860 769 specus
876 694 984 769 ingens

56 778 150 838 Exesi
164 779 259 837 latere
273 777 304 837 in
318 778 438 849 montis,
456 792 516 851 quo
531 777 662 851 plurima
675 785 768 837 vento

58 863 181 937 Cogitur
196 863 288 937 inque
303 862 388 921 sinus
404 861 516 921 scindit
530 876 601 920 sese
616 862 700 921 unda
712 861 866 934 reductos
959 867 1011 922 420

57 947 225 1022 Deprensis
240 945 312 1006 olim
326 945 415 1005 statio
432 945 581 1005 tutissima
594 947 712 1014 nautis;

57 1031 140 1090 lntus
156 1047 190 1090 se
205 1030 285 1090 vasti
298 1029 425 1089 Proteus
442 1029 515 1104 tegit
530 1029 629 1089 obiice
644 1030 722 1089 saxi.

55 1115 112 1174 Hic
126 1116 268 1175 iuvenem
283 1114 313 1173 in
329 1114 453 1174 latebris
468 1129 611 1173 aversum
624 1130 643 1173 a
656 1114 769 1173 lumine
782 1112 924 1189 Nympha

56 1200 209 1268 Collocat3
232 1201 301 1274 ipsa
315 1199 423 1273 procul
437 1197 555 1256 nebulis
571 1198 703 1258 obscura
717 1197 840 1257 resistit.

56 1284 119 1341 lam
133 1283 260 1357 rapidus
275 1289 394 1341 torrens
409 1282 546 1341 sitientes
561 1281 658 1341 Sirius
673 1281 767 1342 Indos
959 1285 1012 1341 las

56 1365 202 1437 Ardebat,
221 1365 309 1423 coelo
326 1372 355 1423 et
368 1365 501 1424 medium
516 1365 564 1425 sol
574 1365 686 1439 igneus
703 1365 807 1424 orbern
872 1426 880 1433 ,

57 1450 217 1518 Hauserat,
233 1446 360 1506 arebant
373 1447 496 1519 herbae,
512 1454 542 1505 et
556 1463 633 1506 cava
646 1446 771 1505 flumina
785 1449 876 1506 siccis

56 1530 208 1591 Faucibus
223 1529 263 1587 ad
278 1529 381 1587 limum
394 1530 472 1588 radii
486 1530 639 1604 tepefacta
652 1530 839 1604 coquebant:

58 1615 155 1688 Quum
169 1612 296 1671 Proteus
312 1620 460 1672 consueta
473 1621 581 1687 petens
596 1628 614 1672 e
628 1611 771 1672 fluctibus
787 1620 872 1671 antra

58 1697 140 1768 lbat;
164 1713 234 1755 eum
247 1696 329 1756 vasti
344 1696 457 1755 circum
470 1712 546 1770 gens
561 1695 686 1754 humida
699 1696 784 1770 ponti
960 1699 1012 1756 430

56 1783 221 1841 Exsultans
236 1796 339 1840 rorem
353 1780 412 1839 late
427 1779 572 1855 dispersit
586 1795 731 1838 amarum.

58 1868 201 1928 Sternunt
216 1881 250 1925 se
265 1880 373 1927 somno
389 1865 531 1923 diversae
545 1864 575 1922 in
590 1863 677 1923 litore
691 1863 827 1939 phocae3

57 1953 137 2027 lpse,
152 1951 236 2009 velut
250 1949 360 2009 stabuli
375 1955 479 2008 custos
493 1948 524 2007 in
539 1947 692 2007 montibus
707 1947 787 2017 olim,

56 2038 179 2111 Vesper
192 2034 243 2095 ubi
259 2050 277 2093 e
290 2040 382 2110 pastu
397 2033 508 2093 vitulos
524 2032 563 2091 ad
577 2038 658 2091 tecta
671 2031 788 2091 reducit

56 2120 240 2193 Auditisque
254 2119 345 2193 lupos
360 2123 473 2178 acuunt
485 2116 636 2175 balatibus
652 2115 731 2190 agni,
960 2116 1012 2172 435

58 2203 196 2264 Considit
210 2203 339 2278 scopulo
354 2203 475 2262 medius
491 2216 709 2274 numerumque
722 2206 872 2259 recenset.

58 2289 150 2348 Cuius
164 2288 306 2347 Aristaeo
323 2287 468 2362 quoniam
487 2295 535 2347 est
550 2285 652 2345 oblata
666 2285 813 2354 lacultas3

57 2373 120 2430 Vix
134 2371 259 2430 delessa
274 2386 380 2431 senem
394 2386 506 2446 passus
523 2384 707 2444 componere
721 2367 864 2441 membra,

60 2456 134 2514 Cum
149 2455 281 2513 clamore
294 2455 353 2513 ruit
367 2470 478 2530 magno
494 2454 683 2527 manicisque
698 2453 847 2511 iacentem

61 2538 205 2612 Occupat.
233 2539 287 2596 llle
301 2554 376 2597 suae
391 2546 497 2599 contra
511 2553 573 2598 non
588 2538 746 2596 immemor
759 2536 842 2611 artis,
960 2545 1012 2600 elo

61 2622 168 2681 Omnia
182 2622 376 2681 translonnat
391 2638 461 2681 sese
474 2623 505 2681 in
520 2621 666 2683 miracula
679 2636 788 2694 rerum,
836 2634 840 2641 ·

59 2708 234 2781 lgnemque,
251 2705 487 2780 horribilemque
501 2706 606 2779 leram,
622 2705 811 2780 fluviumque
825 2703 1000 2779 liquentem.

63 2792 174 2850 Verum
188 2789 238 2847 ubi
253 2791 336 2849 nulla
351 2791 453 2865 lugam
466 2791 579 2866 reperit
593 2789 729 2858 lallacia;
751 2789 850 2849 victus

59 2877 94 2934 ln
109 2889 180 2933 sese
193 2874 280 2948 redit,
297 2882 388 2949 atque
403 2875 534 2934 hominis
549 2876 672 2934 tandem
687 2889 741 2933 ore
755 2874 885 2943 locutus,

59 2959 157 3033 „Nam
172 2959 240 3032 quis
254 2966 292 3030 te,
309 2960 452 3018 iuvenum
466 2958 736 3029 confidentissime,
753 2964 874 3018 nostras
964 2960 1015 3013 445

59 3043 171 3122 „lussit
182 3044 266 3102 adire
278 3044 411 3104 domos?
427 3044 540 3117 quidve
551 3043 622 3102 hinc
633 3043 751 3117 petist“
764 3041 870 3117 inquil.
894 3038 938 3098 At
950 3039 1013 3098 ille:

60 3128 159 3202 „Scis
174 3126 293 3199 Proteu‚
310 3129 373 3187 scis
388 3129 465 3203 ipse,
488 3142 589 3202 neque
604 3133 651 3186 est
664 3134 695 3186 tc
710 3126 814 3185 lallare
830 3124 1014 3200 quidquam;

60 3213 142 3287 „Sed
156 3220 188 3271 tu
204 3212 311 3271 desine
325 3214 414 3272 velle.
442 3212 540 3270 Derim
556 3216 721 3286 praecepta
734 3210 831 3269 secuti

59 3298 239 3371 „Venimus
254 3295 325 3356 hinc
341 3296 437 3371 lapsis
454 3294 625 3370 quaesitum
640 3294 763 3353 oracula
777 3292 901 3353 rebus.“

59 3381 186 3439 Tantum
201 3378 320 3440 effatus.
348 3381 400 3439 Ad
413 3380 489 3438 haec
503 3386 590 3438 vates
606 3378 637 3436 vi
652 3378 783 3453 denique
798 3379 893 3436 multa
965 3384 1018 3437 450

59 3464 213 3525 Ardentes
230 3465 337 3525 oculos
352 3464 472 3523 intorsit
486 3463 598 3522 lumine
613 3463 731 3537 glauco,

101 3558 272 3609 macutus·
797 3553 819 3609 b
