2326 3780
103 168 145 235 14
376 169 408 229 Ρ.
429 170 590 230 vindicii
610 170 786 231 hattonis

103 320 254 383 Saltantas
269 320 397 399 Satyros
412 320 574 384 imitabitur
586 323 827 399 Alphesiboeus.

102 406 185 465 llaec
199 404 252 465 tihi
267 421 389 483 semper
401 414 497 479 munt,
513 413 544 466 et
558 424 651 482 quum
665 407 815 469 solemnia
829 418 914 471 vota

104 488 277 550 Reddemns
291 490 450 567 Nymphis,
465 498 494 549 et
509 507 601 564 quma
615 491 811 552 lustrabimus
826 508 942 569 agros.
1037 506 1066 559 75

102 572 180 633 Dum
194 573 265 649 iuga
279 576 390 634 montis
405 588 488 648 aper,
503 571 617 636 fluvios
632 574 706 637 dum
719 576 816 652 piscis
830 579 970 654 amabit,

103 656 243 733 Dumque
256 657 362 735 thymo
378 664 543 733 pascentur
556 675 642 735 apes,
659 661 732 720 dum
745 676 816 720 rore
830 661 990 736 cicadae,

102 738 231 819 Semper
243 742 343 802 honos
357 756 531 821 nomenque
546 749 630 803 tuum
645 744 815 821 laudesque
829 747 1023 823 manebunt,

102 822 141 887 ttt
153 825 275 887 Baccho
292 824 463 900 Cererique,
479 825 532 887 tibi
547 829 592 888 sic
606 834 679 887 vota
695 828 858 902 quotannis

101 910 263 985 Agricolae
279 909 403 968 facient·
427 909 585 983 damnabis
599 919 632 972 tu
646 927 770 987 quoque
784 912 878 971 votis.
1037 927 1070 981 so

102 1074 185 1149 Quae
199 1075 262 1148 tihi,
279 1091 357 1150 quae
372 1076 423 1137 tali
437 1078 565 1139 reddam
579 1094 635 1154 pro
650 1080 783 1139 carmine
798 1079 908 1139 donat

101 1159 176 1219 Nam
190 1174 290 1234 neque
304 1175 352 1219 me
367 1167 482 1221 tantum
498 1163 649 1223 venientis
664 1163 773 1224 sibilus
788 1164 906 1238 Austri,

101 1243 162 1302 Nec
178 1258 326 1318 percussa
338 1243 443 1305 iuvant
457 1244 552 1306 fluctu
564 1253 625 1307 tarn
639 1248 736 1320 litora,
750 1263 809 1307 nec
823 1263 909 1322 quae

102 1327 239 1387 Saxosas
254 1327 331 1387 inter
346 1329 509 1389 decurrunt
523 1329 649 1391 flumina
662 1332 769 1391 valles.

443 1412 705 1476 MENALCAS.

100 1495 165 1556 Hac
180 1503 209 1556 te
223 1512 281 1558 nos
296 1497 394 1573 fragili
409 1497 592 1558 donabimus
607 1507 677 1560 ante
691 1499 802 1567 cicuta
1031 1512 1067 1566 aa

100 1579 183 1641 Haec
196 1596 254 1641 nos
273 1583 456 1645 ‘Formosam
471 1582 607 1658 Corydon
622 1585 749 1645 ardebat
760 1582 902 1655 Alexim?

100 1664 183 1725 Haec
198 1666 306 1726 eadem
321 1667 426 1727 docuit
442 1665 560 1726 ‘Cuiam
568 1665 686 1742 peras?
706 1685 747 1727 aa
761 1664 913 1726 Meliboei
909 1662 937 1709 θ’

100 1835 141 1893 Αι
154 1842 187 1895 tu
201 1849 288 1896 sume
303 1834 426 1910 pedum,
443 1834 536 1907 quod,
552 1850 600 1894 mc
616 1796 711 1910 quum
725 1848 820 1909 saepe
834 1842 974 1909 rogaret,

99 1917 165 1978 Non
180 1919 246 1979 tulit
259 1919 439 1993 Antigenes·
428 1922 472 1975 -et
485 1924 551 1977 erat
564 1924 627 1977 inm
641 1919 754 1995 dignus
768 1915 888 1988 amari,

99 2000 276 2062 Formosum
293 2000 417 2075 paribus
432 1999 523 2059 nodis
537 2007 629 2076 atque
643 2019 724 2078 aere,
739 2000 888 2061 Menalca.

341 2261 522 2333 illitis.
564 2268 802 2329 actoalvt.

246 2376 527 2433 srnnnr
580 2376 905 2432 cannen.

98 2498 196 2557 Prima
209 2496 375 2574 Syracosio
392 2502 515 2578 dignata
530 2506 577 2560 ost
591 2497 696 2559 ludere
713 2511 805 2557 versu

98 2582 208 2642 Nostra
222 2598 322 2658 neque
337 2586 456 2647 erubuit
469 2585 565 2645 silvas
579 2580 716 2642 habitare
729 2580 848 2641 Thalia:

99 2665 196 2740 Quum
210 2682 350 2728 canerem
363 2685 454 2745 reges
468 2675 499 2727 et
512 2663 638 2741 proella
655 2664 803 2761 Cynthius
819 2679 924 2727 aurem

97 2750 190 2811 Vellit
204 2759 234 2812 et
236 2752 424 2835 admonuit,
427 2752 601 2825 Pastorem,
616 2748 727 2825 Tityre,
744 2749 874 2824 pingues

97 2818 248 2908 „Poscere
263 2844 384 2912 oportet
397 2850 483 2906 oves,
499 2832 664 2894 deductum
678 2833 781 2895 dicere
794 2837 949 2893 cannenf‘
1039 2849 1059 2905 d

97 2880 183 2981 ’Num
197 2935 267 2997 ego·
272 2933 403 2993 namque
418 2932 512 2992 super
525 2916 579 2977 tibi
593 2925 688 2991 erunt,
704 2934 756 2992 qur
748 2916 874 2978 'dicere
887 2916 1010 2995 laudes,

97 3004 189 3081 Varo,
203 3011 271 3065 tuas
287 3001 411 3076 cupiant
424 3007 454 3061 et
467 3000 564 3063 tristia
578 3001 712 3063 condere
726 3000 819 3061 bella-

97 3088 258 3165 agrestem
271 3083 354 3145 tenui
365 3084 539 3147 meditabor
552 3085 701 3149 arundine
714 3084 842 3147 Musam

97 3172 165 3234 Non
179 3172 296 3232 iniussa
311 3182 399 3228 cano.
441 3167 473 3231 Si
489 3170 559 3247 quis
573 3178 674 3231 lamen
689 3170 766 3230 haec
780 3183 914 3245 quoquc,
935 3170 963 3229 si
980 3173 1056 3247 quis

100 3256 212 3335 captus
227 3265 332 3312 amore
346 3252 440 3330 leget3
464 3261 493 3334 te
507 3263 639 3330 nostrae,
653 3254 745 3329 Varo,
759 3252 903 3329 myricae,
1019 3266 1059 3321 to

98 3340 261 3401 Tenemus
276 3351 366 3399 omne
380 3346 483 3413 canot3
505 3355 563 3401 nec
575 3337 700 3399 Phoebo
715 3337 828 3413 gratior
841 3336 904 3397 ulla
917 3348 975 3415 est,

100 3420 195 3496 Quam
210 3421 267 3484 sibi
284 3424 449 3499 quietari
464 3426 663 3504 praescripsit
676 3422 789 3499 pagina
801 3435 922 3481 nornen.
