2326 3780
125 164 190 231 264
398 162 433 223 Ρ.
455 159 622 221 VIRGlLll
644 160 849 226 MARONIS

126 320 302 394 Purpureus
317 314 412 377 ueluti
427 330 521 389 quum
534 312 605 386 llos,
621 312 923 393 succisus'aralro,
965 314 969 321 '
1025 324 1041 376 i·

126 402 312 476 Languescit
324 400 468 472 moriens,
482 399 610 457 lassove
623 412 806 473 papavera
820 400 909 460 coilo

126 486 285 548 Demisere
299 490 402 562 capul,
417 482 523 559 pluvia
537 496 631 556 quum
645 481 733 543 torte
750 491 946 558 gravantur.

127 574 169 631 At
181 570 274 630 Nisus
289 570 350 630 ruit
362 570 395 629 iu
408 566 539 640 medios,
554 565 725 640 solumque
740 582 811 642 per
827 583 944 631 omnes

127 656 327 715 Volscentem
339 652 423 729 petit,
437 652 469 711 in
483 650 551 710 solo
560 650 734 711 Volseente
750 658 919 715 moratur.
1035 669 1053 711 u

129 739 225 813 Quem
237 739 350 799 circum
362 734 521 811 glomerati
532 733 639 795 hostes
650 733 936 801 hineeomrninus
947 736 1055 813 atquelu·

127 822 321 885 Proturbantu
347 822 444 881 instat
457 834 520 879 non
534 818 636 879 secius
651 832 690 877 ac
705 825 799 880 rotat
814 836 934 885 ensem
1039 835 1057 881 u

128 907 328 979 Fulmineum,
343 905 442 966 donec
456 902 560 963 Rutuli
574 902 739 963 clamantis
755 904 793 964 in
812 920 876 967 ore

130 990 273 1052 Condidit
285 991 428 1062 adverso,
449 986 625 1048 almoricus
640 986 782 1073 ammam
800 989 942 1053 abstulit
954 990 1031 1053 hosti

129 1074 205 1135 Tum
220 1089 314 1148 super
327 1072 502 1134 exanimum
516 1086 588 1132 sese
603 1071 736 1146 proiecit
751 1074 904 1138 amicum

131 1158 311 1229 Conlossus,
327 1154 512 1231 placidaque
526 1155 568 1215 ibi
583 1156 706 1215 demum
721 1164 835 1219 morte
853 1161 987 1235 quievit
1045 1175 1064 1217 a

129 1240 284 1301 Fortunati
299 1240 404 1299 umbo!
428 1239 456 1299 si
471 1240 546 1314 quid
559 1255 629 1299 mea
642 1239 785 1303 carmina
800 1252 961 1321 possunt,

97 1354 100 1359 ,
129 1324 218 1385 Nulla
232 1324 299 1384 dies
312 1338 458 1397 umquam
471 1324 597 1383 memori
614 1338 670 1383 vos
685 1324 808 1385 eximet
824 1344 926 1403 aevo,

130 1408 210 1468 Dum
225 1408 336 1468 domus
350 1408 475 1467 Aeneae
491 1405 620 1482 Capitoli
634 1407 796 1469 immobile
812 1428 940 1475 saxum

130 1492 267 1566 Accolet,
283 1492 506 1567 imperiumque
521 1498 608 1567 puter
619 1492 786 1553 Romanus
800 1494 954 1560 habebit.
1077 1543 1081 1552 .

172 1576 314 1635 Victores
329 1576 447 1652 pracda
460 1575 562 1636 Rutuli
577 1575 751 1651 spoliisque
768 1580 879 1655 potiti,
930 1649 933 1656 ¹
1044 1590 1082 1639 li*

130 1661 329 1721 Volscentem
344 1660 518 1721 exanimum
532 1659 641 1719 flentcs
656 1659 687 1718 in
702 1667 814 1722 costra
828 1664 992 1729 ferebant.

130 1745 193 1803 Nee
208 1744 308 1804 minor
320 1744 352 1803 in
366 1744 474 1805 eastris
489 1744 598 1817 luctus,
613 1735 790 1804 Rhamnete
805 1760 947 1823 reperto

130 1828 297 1904 hasunga,
313 1834 343 1887 et
355 1827 463 1902 primis
477 1844 539 1887 una
552 1834 598 1888 tot
611 1827 707 1887 coede
722 1834 898 1909 peremtis,

134 1911 329 1987 Serranoque
342 1912 515 1986 Numaque=
536 1913 645 1986 ingens
660 1926 843 1977 concursus
859 1919 910 1979 ad
926 1922 999 1996 ipsa

133 1996 270 2072 Corpora
285 1996 519 2070 seminecesque
532 1996 626 2067 viros,
642 1995 817 2070 tepidaque
833 2012 1006 2065 recentem
1055 2008 1082 2063 ni

133 2080 235 2141 Caede
249 2081 351 2141 locum
365 2086 396 2139 et
408 2080 501 2154 pleno
517 2086 694 2155 spumantes
709 2084 875 2154 sunguine
891 2088 999 2151 rivos.

131 2167 312 2239 Agnoscunt
326 2164 427 2239 spolia
440 2163 518 2223 inter
532 2178 568 2223 se
581 2164 764 2239 galeamque
778 2166 948 2233 nitentem

132 2248 279 2324 Messapi,
294 2254 324 2307 et
338 2250 431 2308 multo
446 2247 591 2322 phaleras
606 2248 721 2308 sudore
733 2258 906 2326 receptus.

133 2331 244 2389 Etiam
259 2332 357 2406 primo
370 2346 453 2391 novo
469 2332 635 2406 spargebat
647 2330 761 2391 lumine
776 2338 890 2399 terras

131 2414 251 2474 Tithoni
266 2430 409 2477 croceum
423 2415 566 2489 linquens
579 2417 700 2475 Aurora
714 2414 835 2477 cubile=
1063 2430 1082 2485 ll

131 2498 196 2557 lam
211 2498 278 2557 sole
291 2498 403 2571 inluso,
419 2499 479 2558 iam
493 2497 587 2560 rebus
602 2500 820 2574 lucaniacus,

131 2581 251 2641 Turnus
267 2582 298 2641 in
312 2597 397 2641 armo
413 2582 504 2655 viros,
520 2584 613 2643 armis
629 2583 841 2648 circumdatus
858 2590 951 2671 ipse,

132 2663 275 2739 Suscitat
290 2670 473 2738 aeratasque
488 2667 571 2727 acies
585 2668 617 2727 in
631 2667 748 2743 proelia
762 2670 852 2744 cogit

132 2747 268 2823 Quisque
283 2764 365 2819 suas,
382 2748 539 2824 variisque
554 2757 665 2812 acuunt
678 2752 860 2817 rumoribus
879 2758 964 2823 iras,

132 2832 210 2907 Quin
226 2832 295 2907 ipso
310 2832 435 2893 arrectis
449 2864 463 2877 ·
477 2836 549 2895 visu
562 2834 751 2895 miserabile!
767 2866 779 2877 ·
794 2836 829 2896 in
845 2838 960 2907 hastis
1063 2854 1082 2908 lt

129 2917 305 2992 Praefigunt
318 2917 420 2993 capita
434 2925 465 2978 et
477 2920 571 2979 multo
588 2921 720 2979 elamore
736 2930 925 2993 sequuntur

129 3001 256 3079 Euryali
271 3000 390 3061 elNisi.
907 3070 911 3077 ,

130 3084 298 3145 Aeneadae
313 3085 382 3151 duri
396 3102 552 3147 murorum
565 3088 596 3147 in
612 3092 698 3162 parte
711 3085 841 3149 sinislra

131 3164 314 3244 Opposuere
328 3169 426 3230 aciem
440 3202 453 3213 -
467 3188 539 3237 nam
553 3172 683 3237 dextera
696 3170 830 3245 cingitur
846 3181 942 3243 amni
951 3216 983 3261 .‚

130 3251 336 3328 lugentesque
350 3258 454 3315 tenent
468 3255 581 3328 fossas,
598 3261 628 3315 et
642 3253 777 3315 turribus
792 3255 869 3319 altis
1062 3270 1082 3331 ε.

131 3332 218 3395 Stant
231 3337 356 3408 macoth
379 3338 467 3399 sirnul
483 3353 537 3400 ore
550 3340 650 3399 virum
665 3338 806 3415 praelixa
818 3348 1018 3431 movebant

35 3461 64 3512 h
129 3415 209 3479 Nota
223 3419 314 3481 nimis
327 3420 449 3483 miseris
463 3428 592 3498 atroque
606 3421 734 3483 liuentia
744 3422 831 3483 taho.
