2326 3780
100 276 191 331 xit]
427 272 648 329 lxruontc
656 270 736 327 110.

100 431 241 501 pulsum
260 426 442 498 Niphaten
466 436 499 481 et
519 424 690 481 Parthum
710 428 1062 500 propterexpeditionem,

101 530 174 585 quae
192 530 265 568 anno
282 508 354 572 724.
377 514 412 566 ab
423 514 556 581 Aegypto
572 526 624 580 per
636 508 749 580 Syriam
766 518 794 565 et
808 506 917 567 Asiam
930 515 1062 571 minorem

100 600 243 665 iactacst,
265 596 406 652 describit
438 594 724 662 Quirinumautem
735 592 928 652 Octavianum
940 601 1061 671 appetis·
1091 594 1095 617 ''

99 685 156 752 rit,
179 692 209 737 ut
230 682 342 737 divinos
362 679 502 745 honores,
524 696 596 749 quos
617 678 670 749 ipsi
690 680 842 735 tributurus
866 686 929 751 cst,
954 684 1061 739 indicet

99 767 160 823 Bis
180 774 274 823 autem
290 766 353 821 ittas
375 769 506 835 gentes
527 762 767 834 triumphatas
789 780 856 817 esse
879 764 972 835 dixit,
993 766 1063 839 quod

101 854 158 908 duo
174 860 293 923 tropaea
309 848 425 903 diverso
441 864 478 902 er
488 849 557 903 orbe
569 849 617 915 [ex
628 847 740 903 Oriente
755 854 784 903 et
794 844 970 920 Occidente]
982 854 1063 907 relata

100 944 173 991 sunt
214 936 272 991 Atii
287 940 383 989 tamen
400 934 483 987 etiam
500 934 529 986 in
543 931 588 985 his
600 933 709 988 seriora
724 940 852 1002 tempora
862 933 1032 1007 intelligunt
1041 941 1064 990 et

101 1019 173 1075 hacc
184 1033 275 1089 usque
286 1014 325 1072 ad
335 1032 439 1071 annum
450 1014 522 1076 734.
548 1016 710 1071 extendunt.
725 1018 810 1072 Anno
826 1014 901 1076 727.
920 1021 1004 1075 enim
1014 1020 1062 1077 Oc·

99 1105 215 1159 tariano
227 1120 254 1157 a
272 1101 299 1156 d
310 1100 384 1155 m
405 1102 465 1155 Kal.
477 1102 611 1155 februar.
631 1101 754 1172 Augusti
769 1116 874 1155 nomen
892 1101 1000 1159 datum
1016 1110 1062 1159 est

100 1186 142 1262 [v.
160 1190 228 1245 Aen.
251 1186 298 1240 t'i.
320 1185 419 1253 792.],
441 1194 525 1255 atque
547 1185 650 1240 eodem
671 1192 798 1257 tempore
820 1200 888 1239 eum
909 1184 1061 1243 Romulum

103 1270 191 1345 [unde
202 1271 230 1324 h.
243 1272 260 1324 i.
273 1269 446 1337 Quirinus
467 1270 558 1324 dictus
569 1267 615 1343 sit]
638 1272 783 1341 appellare
792 1268 969 1341 voluerunt,
990 1270 1062 1343 qnod
1102 1276 1104 1283 '

100 1363 196 1410 tamen
207 1371 311 1410 nomen
323 1355 526 1410 iiierecusaiit.
539 1353 664 1409 Britanni
672 1361 766 1410 autem
776 1360 805 1410 et
813 1352 934 1424 Hispani
940 1358 1061 1411 rebella·

101 1448 174 1507 runt,
195 1446 279 1510 atque
289 1440 450 1511 Augustus,
472 1441 499 1494 in
510 1438 681 1494 Britanniam
690 1440 847 1510 proiectus,
864 1438 1061 1495 exercitnmin

102 1524 207 1579 Gallias
226 1525 317 1593 duxit,
339 1524 393 1580 sed
409 1541 483 1580 anno
499 1523 573 1582 727.
594 1532 714 1579 exeunte
731 1524 760 1577 in
775 1522 942 1593 Hispaniam
966 1532 1061 1579 contra

103 1608 257 1665 Cantabros
278 1610 360 1677 abiit,
381 1610 458 1665 unde
479 1626 506 1664 a.
528 1606 601 1667 730.
624 1608 715 1663 rediit.
736 1608 820 1662 Anno
840 1605 915 1667 729.
940 1615 969 1662 et
992 1605 1061 1667 780.

100 1694 306 1751 AeliusGaitus
318 1694 498 1749 etPetronius
510 1700 607 1748 contra
613 1692 724 1748 Arabes
735 1697 904 1763 pugnarunt,
917 1699 981 1746 eta.
991 1688 1060 1752 784.

102 1778 386 1851 TiberiusTigranem
394 1780 547 1834 Armeniae
557 1793 657 1848 regem
667 1776 799 1847 imposuit
809 1782 837 1829 et
846 1772 1026 1831 Octavianus
1035 1778 1069 1830 in-

103 1862 188 1934 Syria
199 1881 216 1919 a
226 1863 335 1917 Parthis
346 1863 428 1933 signa
439 1862 554 1931 recepit
580 1879 610 1917 v.
620 1862 689 1915 Aen.
699 1860 760 1914 vn.
773 1854 843 1918 604.
855 1873 919 1929 sqq.
942 1860 1061 1932 Propter

101 1946 177 1999 hanc
187 1962 248 1999 rem
255 1961 330 1998 anno
339 1943 422 2009 735,
429 1952 494 2014 post
500 1944 610 2013 t'trgttii
619 1951 746 2011 mortem,
758 1944 929 2000 Octauenus
940 1943 1060 1999 Romaiu

102 2029 194 2083 redux
207 2028 296 2081 iactus
312 2026 419 2079 iiiarti
441 2028 496 2080 bis
517 2028 630 2081 ultori
651 2030 786 2100 tempium
801 2028 888 2083 verit
931 2026 994 2084 Sed
1004 2035 1061 2084 toto

102 2113 149 2168 illo
161 2109 428 2181 temporeVirgiiius
439 2112 467 2164 in
479 2112 608 2167 Aeneide
619 2113 816 2184 componenda
826 2118 960 2169 versatus
971 2120 1025 2173 eat,
1037 2120 1062 2167 et

102 2196 178 2249 hunc
190 2195 390 2264 Georgicorum
405 2196 497 2250 iocum
508 2205 572 2253 ante
585 2198 653 2252 iilud
664 2214 779 2253 carmen
794 2198 927 2266 scriptum
939 2214 1008 2253 esse
1017 2214 1060 2253 vs.

102 2274 153 2340 46.
166 2280 257 2335 docet.
279 2278 380 2332 Mirum
392 2281 476 2336 etiam
487 2288 577 2353 essct,
588 2283 665 2353 quod
675 2283 795 2352 Augusti
806 2296 909 2336 nomen
923 2287 952 2336 et
962 2282 1062 2337 lanum

102 2366 230 2419 clausum
239 2378 298 2427 non
309 2374 572 2437 commemorasset,
594 2368 618 2421 si
632 2383 706 2421 anno
717 2363 788 2427 734
799 2366 914 2422 demum
924 2363 1001 2421 haec
1019 2367 1061 2420 in-

99 2447 237 2519 terposita
247 2454 351 2503 essent.
395 2449 477 2507 Certa
488 2453 570 2524 igitur
581 2450 783 2521 Georgicorum
794 2456 859 2522 post
869 2464 977 2505 annum
988 2446 1061 2511 724.

101 2531 315 2587 emendatorum
326 2537 448 2607 vestigia
460 2553 517 2592 non
529 2536 640 2590 adsunt.
673 2532 750 2589 Coni.
762 2535 860 2590 Mauso
871 2534 1012 2589 Annotutt.
1024 2534 1064 2591 od

102 2616 201 2689 Gcoiy.
213 2617 233 2672 1.
250 2634 279 2690 p·
293 2618 363 2679 227.
407 2618 536 2676 Ceterum
551 2618 671 2672 Vossius
692 2635 720 2689 p.
733 2618 821 2689 628„
843 2616 914 2678 838.
936 2623 965 2673 ct
987 2618 1061 2679 922.

100 2700 304 2773 Georgicorum
326 2704 425 2759 librum
441 2706 562 2774 primum
573 2717 647 2755 anno
658 2702 729 2762 719.
741 2710 768 2759 et
778 2703 934 2760 secundum
945 2718 971 2756 a.
987 2702 1061 2764 723.

100 2788 258 2843 absolutum
273 2806 337 2844 esse
349 2789 457 2853 statuit,
486 2786 539 2842 sed
555 2784 625 2840 libro
637 2786 717 2842 tertio
729 2796 755 2842 et
767 2794 865 2860 quarto
877 2786 1061 2846 emendando

98 2878 213 2945 poetam
226 2888 315 2943 usque
328 2872 365 2926 ad
377 2888 395 2925 a
417 2866 489 2928 784.
502 2885 618 2940 operam
630 2870 746 2927 dedisse
756 2872 883 2929 credidit.
903 2872 935 2925 ln
946 2880 1061 2929 contra-

98 2957 172 3012 rium
184 2958 251 3013 abiit
261 2956 433 3025 Wagnerus‚
456 2955 502 3023 qui
514 2954 554 3008 nd
563 2954 660 3027 (keep.
672 2956 719 3011 Ν.
732 2956 802 3018 666.
814 2959 886 3012 haec
898 2960 1060 3015 annotavit:

99 3042 181 3097 ‘iliud
191 3057 261 3097 vero
274 3038 398 3093 animuin
408 3052 465 3090 non
483 3038 640 3094 advertisse
651 3039 818 3114 Interpretes
834 3041 958 3110 mireris,
980 3044 1061 3113 quod

98 3122 172 3181 haee
184 3126 262 3195 ipsa=
278 3120 455 3192 Hoecsuper
466 3140 632 3180 ursorum
643 3127 1061 3199 mitrrpecorumqoecnnc·

98 3208 162 3263 mm
172 3204 509 3276 essuperartorioos,
522 3208 738 3265 Gaesao-dnm
750 3220 802 3267 etc.
816 3214 944 3266 evertunt
952 3212 1060 3285 vulga·

98 3304 158 3343 rem
171 3288 209 3343 de
222 3294 359 3359 tempore,
371 3290 871 3369 qqueorgicascripseritVirgilius‚
883 3294 1059 3365 opinionem.

96 3370 198 3425 Putant
209 3372 284 3426 enirn
296 3381 405 3445 septem
418 3392 517 3448 annos,
528 3377 601 3437 717.
613 3408 657 3419 ·-
667 3376 752 3451 724„
771 3381 841 3447 huic,
853 3380 969 3435 carmini
987 3385 1061 3439 scri·

96 3452 193 3511 bendo
204 3464 318 3529 poetam
330 3460 514 3532 impendisse.
559 3462 693 3534 Magnum
709 3482 779 3521 sane
796 3464 932 3537 spatium!
965 3468 1060 3525 sedsi

97 3534 191 3605 ipsum
203 3542 285 3598 audis
299 3544 463 3617 Virgilium,
476 3549 547 3604 intra
558 3562 648 3603 annos
660 3546 861 3611 723.-72ῠ.
883 3554 971 3605 totum
982 3570 1060 3625 opus
