2340 4296
295 674 360 739 24⁰
574 673 606 733 P.
627 673 789 735 vtuettit
809 672 985 735 MARONIS

295 828 357 905 „at
370 827 445 887 iessi
460 826 585 887 tandem
598 826 683 887 cives
698 819 823 887 infanda
836 826 984 885 furentem

296 912 431 989 „Armati
447 910 673 972 circumsistunt
686 910 849 987 ipsumque
862 910 1059 987 domumque,

295 994 506 1072 „Obtruncant
519 995 633 1070 socios,
648 994 749 1069 ignem
762 994 802 1055 ad
817 992 939 1069 fastigia
952 994 1079 1056 iactant.

296 1079 378 1157 „lile,
392 1080 471 1141 inter
485 1080 612 1139 caedem
625 1078 805 1139 Itrrtuiorum
819 1078 954 1153 elapsus,
970 1078 999 1137 in
1016 1095 1118 1155 egros

296 1162 497 1243 „Confugere
513 1171 544 1223 et
555 1163 647 1223 'iiuni
661 1161 819 1221 defendier
833 1161 964 1238 hospitis
978 1164 1088 1225 annis.

295 1248 396 1327 „Ergo
412 1248 511 1308 omnis
527 1248 613 1308 iuriis
628 1246 761 1307 surrexit
773 1246 892 1306 Etruria
904 1246 1010 1311 iustis=

297 1333 432 1410 „Regem
446 1332 486 1392 ad
501 1331 686 1408 supplicium
699 1330 853 1406 praesenti
866 1330 962 1391 Morte
976 1344 1161 1407 reposcunt

296 1418 372 1493 „iiis
386 1432 445 1492 ego
459 1424 499 1491 te,
513 1416 630 1489 Aenea,
645 1415 802 1475 ductorem
814 1414 947 1475 miiiibus
961 1415 1090 1479 addam.

296 1504 392 1579 „Toto
407 1514 541 1574 namque
556 1499 687 1558 iremunt
701 1499 878 1561 condensae
891 1500 980 1559 litore
994 1516 1137 1579 puppes,

296 1584 474 1663 „Signaque
488 1583 569 1643 ferre
584 1582 703 1651 iubent;
725 1584 834 1644 retinet
848 1584 1017 1659 longaevus
1032 1584 1162 1667 harusp

297 1670 391 1745 ,Meta
406 1681 537 1725 canens=
559 1665 604 1741 „0
618 1666 779 1727 Maeoniae
792 1668 911 1728 deiecta
924 1668 1079 1743 iuventus,

297 1752 412 1828 „„Fios
418 1756 555 1809 veterum
563 1749 837 1827 virtusqueviranq
847 1766 925 1827 quos
933 1752 1030 1813 iustus
1038 1754 1070 1813 in
1080 1754 1170 1819 host

297 1836 412 1911 ‚„,Fert
427 1834 517 1893 dolor
530 1841 561 1893 et
573 1836 679 1895 merita
692 1836 832 1896 accendit
844 1836 1013 1896 Mezentius
1028 1837 1086 1911 ira,

296 1918 420 1995 ‚„,Nuili
435 1919 482 1978 ias
497 1918 572 1979 italo
586 1926 698 1980 tantam
714 1920 898 1994 subiungere
911 1926 1051 1995 gentem3

297 2004 494 2080 ‚,‚,Externos
510 2010 613 2080 optate
628 2005 756 2064 duccs.“
782 2004 857 2065 Tum
870 2004 999 2064 Etnrsca
1012 2007 1140 2069 resedit

296 2088 383 2166 „Hoc
397 2088 480 2148 acies
495 2104 615 2164 campo,
630 2088 753 2148 monitis
768 2088 911 2149 exterrita
925 2088 1039 2147 divum.

296 2174 387 2251 „Ipse
402 2180 540 2232 oratores
555 2174 595 2233 ad
610 2188 659 2232 me
671 2172 820 2247 regnique
834 2185 981 2232 coronam

296 2257 391 2333 „cum
407 2263 528 2333 sceptro
543 2257 634 2331 misit,
648 2256 833 2329 mandatque
846 2256 978 2331 insignia
990 2254 1150 2329 Tarchon,

296 2340 487 2418 „Succedunt
502 2342 619 2415 castris,
639 2339 858 2417 Tqrrhenaque
872 2355 967 2413 regna
982 2354 1167 2413 capessam.

295 2424 381 2501 „Sed
396 2424 467 2485 mihi
482 2425 568 2484 tarda
582 2426 652 2499 gelu
666 2424 839 2497 saeclisque
853 2424 945 2483 effeta
957 2430 1107 2485 senectus

295 2509 435 2585 „invidet
448 2508 615 2584 imperium,
632 2521 781 2581 seraeque
796 2509 836 2567 ad
851 2508 941 2567 fortia
954 2508 1047 2566 vires.

295 2594 447 2671 „Gnatum
461 2592 647 2665 exhortarer,
662 2593 693 2651 ni
707 2592 820 2651 mixtus
834 2598 930 2651 matre
945 2590 1069 2651 Sabella

295 2678 394 2753 „Hinc
409 2684 525 2753 partem
540 2676 656 2751 patriae
670 2675 817 2735 traheret.
838 2676 892 2747 Tu,
909 2676 996 2735 ciuus
1011 2681 1044 2733 et
1057 2680 1157 2741 annis

295 2762 352 2835 „Et
365 2761 469 2835 generi
484 2760 546 2819 iata
559 2760 724 2834 indulgent,
740 2775 832 2835 quem
845 2760 969 2819 numine
983 2770 1132 2837 poscunt,

295 2844 487 2919 „Ingredere
503 2860 521 2904 o
535 2844 685 2904 Teucrdm
698 2850 790 2918 atque
805 2843 912 2903 ltaitim
926 2842 1095 2906 fortissime
1112 2848 1170 2911 du

295 2928 403 3004 „iiuno
418 2928 471 2987 tibi
487 2936 653 3003 praeterea,
669 2944 743 3003 spes
758 2934 788 2987 et
802 2927 912 2989 solatia
925 2926 1030 2996 nostri,

296 3012 450 3087 ‚‚Paiianta
464 3012 643 3087 adiungam:
664 3011 722 3070 sub
736 3018 767 3071 te
779 3012 911 3073 tolerare
925 3011 1072 3085 magistro

296 3096 453 3171 „Militiam
467 3103 497 3155 et
509 3112 604 3170 grave
618 3095 724 3155 Martis
740 3109 828 3171 opus,
841 3102 896 3159 ‚tua
909 3108 1035 3154 cemcrc
1049 3094 1139 3159 iacta

295 3182 495 3255 „Assuescat
510 3180 617 3254 primis
632 3186 662 3239 et
675 3185 705 3238 te
719 3180 843 3239 miretur
856 3179 895 3238 ab
910 3178 1009 3239 annis.

294 3264 455 3339 „Arcadas
469 3262 539 3321 huic
552 3262 671 3337 equites
685 3262 734 3323 bis
749 3270 878 3333 centum,
894 3261 1006 3323 robore
1020 3262 1117 3337 pubis

294 3348 417 3420 „Lecta
432 3345 523 3419 dabo,
538 3346 726 3421 totidemque
740 3362 797 3407 suo
810 3346 864 3406 tibi
878 3346 1001 3407 nomine
1013 3344 1157 3411 Pallas.“

294 3432 357 3491 Vix
371 3448 409 3491 ca
423 3432 503 3490 iatus
518 3436 597 3489 erat:
619 3430 773 3507 deiixique
788 3445 843 3489 ora
855 3430 998 3490 tenebant

293 3517 418 3577 Aeneas
432 3513 636 3575 Anchisiades
651 3522 682 3575 et
694 3514 775 3575 lidus
789 3513 940 3586 Achatem

292 3600 450 3674 Multaque
465 3599 542 3660 dura
556 3615 613 3659 sno
627 3600 705 3659 tristi
720 3614 788 3659 cum
803 3599 897 3658 corde
911 3595 1068 3673 putabant,

292 3682 330 3743 iii
345 3684 466 3759 signum
485 3684 572 3743 coeio
589 3684 740 3761 cytherea
754 3681 892 3743 dedisset
905 3688 1023 3757 aperto.

293 3765 431 3843 Namque
445 3766 613 3843 improviso
628 3767 765 3828 vibratus
780 3766 819 3825 ab
833 3766 956 3827 aethere
970 3764 1074 3839 iuigor

294 3850 369 3910 Cum
383 3850 483 3910 sonitu
497 3852 589 3918 venit,
605 3860 636 3912 et
647 3866 738 3911 ruere
752 3852 854 3909 omnia
867 3850 936 3911 visa
949 3857 1088 3924 repente,

290 3934 533 4021 Tyrrhenusque
546 3935 640 3999 tubae
651 3934 770 4011 muqirc
782 3948 838 4008 qen
851 3934 976 3993 astinem
988 3934 1133 4011 clangor.
