2340 4296
357 666 553 731 nudemus
574 668 647 731 LlB.
669 671 720 731 lx.
951 670 1013 735 261

56 822 144 890 „liae
157 820 217 883 iter
228 828 292 883 esti
312 828 355 897 tu,
369 833 411 881 ue
425 833 488 897 qun
500 834 610 883 manus
625 838 661 883 se
675 825 813 884 attollere
826 824 916 885 nobis

57 912 108 984 „A
121 914 206 983 tergo
220 906 329 983 possit,
344 904 467 966 custodi
480 913 512 967 et
525 907 654 967 consule
667 908 777 983 longe3

57 991 161 1065 „Haeo
175 1006 233 1067 ego
247 998 337 1051 vaste
349 988 441 1064 daho,
457 995 489 1049 et
502 989 563 1049 lato
578 997 609 1051 te
622 991 715 1051 lirnite
730 994 870 1053 darauf*

58 1075 110 1135 Sio
124 1082 280 1149 memorat,
295 1088 469 1148 vocemque
484 1078 609 1149 premit3
632 1076 722 1135 simul
737 1090 812 1136 ense
827 1076 994 1151 superbum

56 1160 255 1221 Rhamnetem
268 1159 452 1235 aggreditur,
471 1158 523 1233 qui
539 1160 617 1219 lorte
629 1160 784 1235 tapetibus
799 1160 867 1220 ultis
961 1169 1015 1223 325

56 1244 236 1304 Exstruetus
249 1250 315 1304 toto
329 1242 483 1319 proilabat
496 1250 622 1316 peetoro
637 1260 787 1317 somnum,

56 1328 124 1388 Rex
138 1329 219 1389 idem
232 1335 263 1389 et
275 1328 340 1401 regi
354 1328 456 1387 Turno
471 1327 664 1400 gratissimus
678 1344 792 1403 augum

58 1412 121 1473 Sed
136 1427 197 1472 non
212 1412 340 1487 augurio
355 1411 455 1487 potnit
469 1410 625 1486 depellere
639 1419 769 1487 pestem.

55 1500 131 1557 Tres
146 1496 229 1557 iuxta
243 1496 384 1568 lunatos,
399 1501 514 1553 temere
528 1495 607 1555 inter
619 1497 682 1555 tela
695 1496 841 1571 iacentes,

55 1582 309 1657 Armigerumque
322 1579 410 1640 Remi
425 1580 534 1654 premit
548 1580 757 1656 aurigamque,
773 1580 831 1641 suh
845 1580 923 1655 ipsis
963 1588 1017 1644 olo

54 1666 168 1725 Nactus
183 1666 281 1741 equis,
297 1664 443 1738 ferroque
458 1669 544 1723 secat
559 1665 725 1739 pendentia
738 1665 830 1725 eolla.
877 1661 880 1667 ’

53 1750 131 1810 Tum
146 1756 238 1825 eaput
250 1748 311 1823 ipsi
326 1748 425 1807 anlert
438 1747 574 1821 domino,
588 1756 792 1825 truncumque
806 1749 951 1827 relinquit

56 1832 213 1907 Sanguine
228 1832 458 1907 singultantem:
480 1839 546 1891 atro
563 1834 716 1907 tepelaota
730 1848 840 1893 eruore

54 1920 149 1978 Terra
159 1916 279 1991 torique
288 1916 422 1976 madent.
443 1915 1014 1995 NeononLamyrumqueLamumque,

55 2002 95 2059 Et
109 2002 249 2059 iuvenem
264 1998 437 2073 Serranum,
451 1999 504 2058 illa
519 1999 571 2075 qui
585 2001 716 2075 plurima
728 2008 819 2061 noete
964 2010 1016 2063 335

10 2098 12 2103 ·
57 2085 194 2157 Luserat,
209 2084 338 2158 insignis
352 2084 440 2158 lucie,
455 2085 613 2159 multoque
627 2082 747 2144 iacebat

56 2165 195 2227 Membra
209 2168 269 2227 deo
284 2168 398 2228 vietus:
423 2168 506 2239 ielix,
521 2169 549 2227 sl
563 2174 712 2242 protenus
727 2168 812 2227 illum

55 2254 234 2325 Aequasset
246 2252 328 2314 noeti
342 2252 447 2313 ludum
460 2252 491 2311 in
507 2253 666 2326 lucemque
681 2252 809 2312 tuhsset.

56 2336 211 2410 Impastus
225 2352 283 2397 eeu
297 2338 390 2412 plena
403 2336 452 2395 leo
467 2351 525 2411 per
538 2336 632 2396 ovilia
644 2334 772 2397 turbans
787 2368 799 2377 -

57 2418 174 2481 Suadet
188 2420 269 2480 enirn
282 2435 400 2481 vesana
414 2422 512 2480 lomes
524 2452 537 2463 -
551 2414 730 2493 manditque
743 2418 895 2493 trahitque
963 2428 1017 2481 llo

54 2504 149 2565 Molle
163 2519 258 2579 pecus
273 2511 449 2579 mutumque
463 2511 555 2579 metu,
566 2504 671 2581 ¹lretnit
685 2519 738 2563 ore
753 2508 889 2563 cruento.

54 2588 119 2648 Nee
133 2589 232 2650 minor
243 2588 372 2665 Euryali
386 2590 515 2649 eaedes=
536 2589 684 2649 incensus
698 2589 812 2664 etipse

55 2670 193 2747 Periuria
208 2688 244 2732 ac
258 2674 382 2732 multam
397 2672 427 2731 in
442 2672 545 2731 medio
561 2673 628 2733 sine
642 2672 766 2732 nomine
780 2670 910 2747 plebem,

56 2754 1016 2831 FadumquellerbesumquesuhitRhoetumqueAburimque‚-

57 2838 195 2911 Ignaros
209 2838 360 2899 Rhoetum
374 2840 550 2913 vigilantem
563 2846 595 2899 et
609 2846 718 2899 eunota
731 2839 903 2911 videntem;
966 2848 1017 2904 ult

59 2918 124 2979 Sed
137 2937 276 2995 magnum
290 2930 429 2983 metuens
444 2939 479 2983 se
494 2931 566 2999 post
579 2930 698 2983 cratera
710 2922 843 2999 tegebat

58 3003 185 3064 Pectore
199 3005 229 3065 in
244 3005 377 3069 adverso
392 3016 487 3069 toturn
502 3008 550 3067 eui
565 3008 736 3070 comminus
750 3023 858 3069 ensem

59 3086 201 3148 Condidit
214 3093 396 3167 assurgenti,
412 3100 443 3153 et
456 3094 550 3151 rnnlta
562 3100 661 3153 morte
674 3094 801 3169 recepit

57 3172 243 3249 Purpuream
256 3176 351 3236 vomit
364 3177 415 3236 ille
429 3176 570 3247 animam,
592 3183 623 3236 et
636 3192 706 3237 eum
720 3177 869 3251 sanguine
883 3177 978 3237 mixtu

56 3256 138 3316 Vina
150 3259 243 3318 relert
255 3260 400 3319 moriens.
427 3260 484 3319 llio
499 3261 580 3337 lurto
594 3262 732 3323 fervidus
747 3262 855 3328 instate
965 3267 1018 3320 35⁰

56 3341 183 3415 lamque
198 3343 238 3402 ad
251 3342 388 3418 Messapi
403 3344 509 3405 socios
523 3344 676 3419 tendebat,
691 3344 743 3405 uhi
758 3344 860 3417 ignem

57 3424 197 3485 Deiloere
212 3434 382 3487 extremum
397 3434 428 3487 et
441 3428 587 3503 religatos
600 3428 657 3487 rite
670 3427 796 3489 videbat

59 3507 191 3583 Carpere
205 3525 330 3583 momen
345 3526 462 3586 equos=
483 3511 618 3571 breviter
633 3528 726 3585 quum
739 3510 813 3569 talia
825 3509 917 3569 Nisus
930 3538 945 3550 ·

58 3590 162 3651 Sensit
176 3593 256 3652 enirn
272 3595 364 3653 nimia
378 3596 476 3655 eaede
489 3603 582 3670 atque
596 3596 740 3669 cupidine
754 3592 827 3653 ferri
839 3622 854 3635 ·

58 3674 287 3751 „Absistemusz
296 3684 315 3713 ‘⁴
330 3678 372 3739 uit
385 3696 476 3753 „nam
490 3680 543 3739 lux
558 3680 679 3739 inimica
693 3677 889 3753 propinquet.
964 3682 1019 3737 illle

58 3756 250 3831 „Poenarum
266 3761 447 3823 exhaustum
462 3764 538 3823 satis
553 3769 609 3836 est,
624 3764 676 3821 via
690 3763 771 3821 loeta
784 3775 841 3835 per
854 3759 991 3822 hostes-‘⁴

57 3840 155 3903 Multa
168 3842 269 3903 virum
283 3846 385 3907 solido
400 3854 527 3921 urgento
542 3846 679 3921 perlecta
692 3844 873 3921 relinquunt

60 3926 227 4003 Armaque,
242 3938 438 4006 craterasque
451 3930 552 4005 simul,
569 3930 790 4008 pdehrosque
798 3932 946 4004 tapetas.
