2326 3780
419 194 614 257 AENEIDOS
635 195 709 256 LIB.
721 194 773 257 Xl.
1012 196 1075 261 311

121 349 299 414 Succedunt
311 354 434 424 matres,
448 355 479 409 et
491 349 637 424 templum
649 354 717 410 ture
730 356 889 428 vaporant

120 436 158 496 llt
172 439 306 494 maestas
320 434 382 494 alto
397 433 528 494 lundunt
542 434 582 492 de
594 432 698 493 liuline
711 448 823 495 voces:

120 519 347 594 „arriperem
362 533 492 594 praeses
505 518 587 592 belli,
601 517 735 579 Tritonia
746 517 847 595 virgo,

121 603 260 680 „Frange
273 617 366 664 manu
379 603 473 662 telum
484 600 609 679 Plu-ygii
621 600 797 678 praedonis,
812 607 844 661 et
855 600 957 677 ipsum

120 687 272 765 „Pronum
285 691 388 746 sterne
401 687 479 762 solo,
493 687 654 762 portisque
668 684 792 746 effunde
805 684 864 746 sub
879 686 978 745 altis.“
993 720 998 729 ·
1024 696 1077 751 485

122 772 255 847 Cingitur
267 771 337 846 ipse
351 771 455 831 furens
471 771 606 831 certatim
620 770 650 830 in
665 770 783 845 proclia
796 770 930 842 Tumus;
965 806 969 813 -

120 857 245 931 lamque
260 856 339 916 adeo
353 854 498 937 Rutulpm
510 856 638 937 thoraca
651 854 774 914 indutus
830 853 897 914 enis

120 940 271 1000 Horrebat
284 941 430 1017 squamis,
447 955 600 1016 surasque
613 938 779 999 incluserat
806 953 873 1014 uro,
976 958 981 967 ¹

120 1026 271 1100 Tempora
283 1025 383 1085 nudus
398 1024 507 1100 adhuc,
522 1024 670 1101 laterique
684 1023 858 1083 accinxerat
872 1037 986 1099 ensem,
1074 1072 1077 1079 .

120 1107 329 1185 Fulgebatquc
341 1111 402 1169 alta
416 1110 581 1174 decurrens
596 1124 707 1168 aureus
723 1122 809 1179 arce;
1027 1115 1080 1172 teo

120 1193 321 1268 Exsultatque
335 1193 443 1253 animis
458 1200 489 1254 et
502 1209 560 1269 spe
573 1194 633 1253 iam
647 1192 797 1269 praecipit
810 1191 946 1252 hostem=

121 1276 225 1352 Qualis
238 1277 291 1337 ubi
306 1276 443 1353 abruptis
458 1278 533 1352 lugit
546 1277 711 1353 praesepia
724 1277 833 1337 vinclis

120 1361 255 1422 Tandem
269 1360 346 1419 liber
360 1375 469 1436 equus,
486 1374 658 1436 campoque
671 1361 785 1437 potitus
800 1367 907 1435 aperto
923 1422 926 1427 ,

121 1446 183 1505 Aut
196 1445 247 1503 ille
261 1444 292 1502 in
308 1450 416 1519 pastus
431 1450 629 1518 armentaque
640 1444 739 1505 tendit
751 1459 907 1519 equarum,

121 1531 192 1603 Aut,
208 1534 351 1587 assuetus
366 1543 466 1604 aquae
480 1527 624 1603 perlundi
637 1524 763 1587 flumine
777 1534 859 1602 noto,
904 1596 908 1603 ,
1027 1538 1079 1593 495

111 1612 247 1684 Emicat,
264 1611 452 1687 arrectisque
467 1612 566 1671 lremit
580 1609 751 1670 cervicibus
768 1611 839 1670 alte'

122 1694 303 1768 Luxurians,
318 1695 487 1771 luduntque
500 1695 590 1755 iubae
604 1711 661 1771 per
674 1695 762 1770 eolla,
777 1710 834 1770 per
847 1710 959 1755 armos.

124 1778 221 1839 Obvia
235 1780 293 1854 eui,
307 1779 491 1840 Volscorum
506 1780 572 1839 acie
587 1779 756 1853 comitante,
773 1777 898 1838 camilla

124 1862 275 1934 Occurrit3
299 1864 459 1940 portisque
474 1865 512 1923 ab
527 1878 607 1940 equo
622 1863 728 1938 regina
743 1862 799 1923 sub
814 1863 891 1939 ipsis

121 1947 260 2024 Desiluit,
276 1962 369 2022 quam
381 1954 446 2008 tola
459 1947 572 2009 cohors
587 1948 702 2008 imitata
714 1947 827 2007 relictis
954 1940 957 1945 ’
1029 1956 1082 2009 500

120 2032 173 2091 Ad
186 2039 297 2092 terram
309 2030 438 2092 defluxit
451 2033 556 2109 equis;
580 2039 642 2093 tum
654 2031 727 2092 talia
741 2033 833 2093 latum
896 2046 903 2063 ¹

122 2116 250 2191 ·„'l'urne,
266 2116 316 2176 sui
329 2116 437 2177 merito
453 2117 480 2176 si
496 2132 558 2191 qua
571 2123 620 2177 est
633 2115 747 2177 fiducia
762 2115 840 2189 lorti,

122 2201 253 2274 „Audeo
268 2206 298 2259 et
311 2200 492 2260 Aeneadum
506 2201 648 2276 promitto
664 2214 825 2260 occurrere
838 2204 964 2273 turmae,

122 2282 279 2359 „Solaque
292 2284 469 2361 Tyrrhenos
484 2286 603 2360 equites
617 2286 662 2345 ire
676 2283 769 2344 obvia
784 2290 898 2344 contra.

123 2367 195 2440 „ille
209 2368 275 2427 sine
288 2369 387 2444 prima
399 2384 490 2429 manu
505 2376 622 2430 tentare
635 2369 772 2445 pericula
787 2368 876 2440 belli;
1005 2406 1008 2413 -
1028 2376 1092 2446 ⁵05,

124 2450 188 2524 „Tu
201 2451 299 2526 pedes
314 2452 355 2511 ad
368 2467 472 2513 muros
486 2454 619 2515 subsiste
631 2460 660 2513 et
674 2452 795 2515 moenia
808 2455 930 2513 serva.“
966 2488 969 2493 -

123 2534 240 2595 Turnus
255 2534 296 2594 ad
309 2535 395 2612 haec,
412 2539 518 2599 oculos
532 2538 687 2600 horrenda
700 2539 731 2596 in
745 2536 863 2613 virgine
876 2536 972 2596 lixum

123 2617 169 2694 „0
185 2619 280 2679 decus
296 2619 408 2696 ltaliae,
422 2622 519 2698 virgo,
536 2639 614 2698 quas
629 2622 732 2682 dicere
745 2626 847 2697 grates

123 2701 267 2780 „Quosve
281 2703 394 2763 referre
409 2713 535 2780 paremt
556 2707 619 2768 Sed
632 2722 721 2782 nune,
736 2712 784 2766 est
797 2704 900 2766 omnia
914 2705 1038 2783 quando

121 2787 205 2864 „lste
220 2788 338 2849 animus
353 2804 456 2864 supra
473 2806 591 2865 meeum
605 2792 719 2867 partire
729 2790 875 2850 laborem.
1028 2795 1083 2849 510

122 2871 276 2948 „Aeneas
291 2879 324 2933 ut
337 2872 418 2933 lama
432 2873 525 2934 fidem
539 2876 687 2950 missique
701 2879 860 2951 reportant

108 2953 370 3033 „Exploratores
387 2958 523 3035 equiturn
536 2961 617 3020 levia
631 2959 789 3036 improbus
806 2970 890 3017 arma

123 3037 309 3117 „Praemisit
325 3048 484 3118 quaterent
499 3059 641 3120 campos3
663 3044 732 3118 ipse
746 3041 842 3100 ardua
855 3037 967 3097 montis

123 3121 202 3197 „Per
216 3124 339 3185 deserta
351 3125 423 3202 iugo
439 3142 590 3204 superans
607 3127 752 3187 adventet
765 3124 806 3183 ad
819 3119 945 3192 urbem.¹

122 3205 234 3281 „Furta
247 3204 328 3284 paro¹
337 3209 409 3270 belli
424 3226 564 3272 convexo
579 3212 609 3270 in
623 3208 750 3274 tramite,
770 3206 876 3280 silvae,
1028 3213 1082 3269 516

121 3290 182 3367 „Ut
194 3291 293 3353 bivias
308 3301 423 3355 annoto
439 3295 581 3355 obsidam
593 3294 687 3353 milite
701 3292 817 3353 lauces.

122 3374 186 3448 „Tu
199 3375 389 3452 Tyrrhenum
403 3378 536 3452 equitem
552 3377 670 3438 collatis
685 3374 794 3451 excipe
809 3370 915 3449 signis.

121 3457 254 3532 „Tecum
268 3474 340 3521 acer
352 3460 516 3538 Messapus
532 3462 598 3542 erit,
610 3456 936 3537 tunnaequebatxnae
