2326 3780
297 216 361 281 212
577 214 610 273 P.
631 214 793 275 VIRGlLll
814 213 1009 276 MARONIS

297 370 442 431 Induerat
456 368 545 431 circe
559 369 591 428 in
605 369 708 428 vultus
724 383 760 426 ac
774 375 860 441 terga
875 368 1037 429 terarum.

298 456 382 530 Quae
396 468 436 514 ne
449 460 590 513 monstra
604 453 646 528 pii
661 458 836 527 paterentur
849 452 924 511 talia
939 452 1063 529 Troes„

300 539 397 599 Delati
411 538 441 597 in
456 544 576 615 portus,
592 553 653 597 neu
668 537 756 595 litora
770 536 837 594 dira
852 534 1011 612 subirent,

297 624 457 699 Neptunus
471 622 574 681 ventis
588 621 725 696 implevit
739 621 809 679 vela
823 620 990 694 secundis,

297 709 401 783 Atque
415 708 520 781 lugam
535 706 621 765 dedit
634 712 665 764 et
679 710 800 780 praeter
813 704 897 763 vada
911 704 1049 766 fervida
1065 708 1157 768 vexit

292 792 423 867 'lamque
437 789 623 849 rubescebat
636 789 731 849 radiis
747 804 840 861 mare,
857 794 887 847 et
902 788 1042 850 aethere
1058 792 1105 851 ab
1121 793 1151 851 al

297 880 419 936 Aurora
434 876 463 934 in
479 874 582 933 roseis
598 873 732 948 fulgebat
747 875 829 931 lutea
841 871 939 946 bigis:

298 962 396 1035 Quum
411 959 493 1018 venti
510 973 653 1033 posuere,
671 958 833 1031 omnisque
848 962 981 1031 repente
997 958 1133 1019 resedit

297 1046 412 1114 FlatnS,
429 1051 459 1101 ct
473 1044 503 1101 in
519 1044 601 1101 lento
618 1042 769 1101 luctantur
782 1055 934 1100 marmore
949 1047 1087 1103 tonsae.

297 1131 402 1203 Atque
415 1127 465 1183 hic
479 1127 604 1185 Aeneas
619 1126 773 1200 ingentem
788 1141 828 1184 ex
842 1139 983 1199 aequore
1000 1126 1118 1187 lucum

297 1211 463 1297 Prospicitz
486 1210 567 1269 hunc
582 1210 660 1269 inter
672 1208 768 1270 fluvio
783 1208 943 1268 Tiberinus
959 1224 1121 1286 amoeno,

297 1293 473 1354 verticibus
489 1294 606 1369 rapidis
622 1302 652 1354 et
665 1295 760 1353 multa
775 1293 875 1352 flavus
892 1308 1000 1367 arena,

301 1380 334 1438 ln
348 1394 432 1437 mare
447 1379 632 1453 prorumpit;
656 1379 763 1437 variae
778 1378 954 1452 circumque
970 1392 1150 1456 supraque

298 1466 453 1524 Assuetae
466 1462 542 1537 ripis
557 1465 699 1522 volucres
714 1470 745 1522 et
758 1461 893 1521 fluminis
908 1461 1002 1520 alveo

299 1548 435 1613 Aethera
449 1545 624 1607 mulcebant
637 1553 737 1619 cantu,
754 1547 888 1620 lucoque
903 1544 1070 1606 volabant.

300 1632 437 1693 Flectere
451 1632 508 1691 iter
522 1632 616 1691 sociis
630 1638 793 1706 terraeque
808 1629 970 1689 advertere
985 1646 1113 1703 proras

303 1718 441 1793 lmperat,
457 1722 487 1775 et
500 1718 599 1775 laetus
613 1714 709 1774 fluvio
726 1714 864 1773 succedit
880 1728 991 1788 opaco.

340 1802 426 1861 Nunc
441 1815 509 1875 age,
525 1800 577 1875 qui
590 1815 690 1875 reges,
706 1798 809 1873 Erato,
826 1813 905 1872 quae
922 1804 1072 1873 tempora
1086 1818 1156 1862 reri

301 1886 374 1959 Quis
389 1885 475 1944 Latio
491 1885 617 1958 antiquo
633 1883 723 1943 luerit
737 1890 843 1955 status,
860 1882 983 1940 advena
998 1883 1151 1947 classem

301 1970 399 2043 Quum
414 1969 545 2045 primum
559 1968 707 2027 Ausoniis
722 1967 876 2026 exercitus
891 1966 1011 2040 appulit
1028 1970 1112 2044 oriS,

300 2054 480 2131 Expediam,
496 2060 526 2111 et
540 2052 656 2127 primae
670 2051 825 2111 revocabo
841 2049 971 2109 exordia
985 2066 1142 2127 pugnam

300 2139 345 2199 Tu
359 2144 468 2211 vatem,
483 2144 525 2211 tu,
541 2135 622 2211 diva,
637 2143 744 2195 monet
767 2136 874 2195 Dicam
888 2132 1016 2193 horrida
1031 2135 1134 2213 bella,

300 2223 407 2281 Dicam
421 2221 505 2281 acies
520 2227 670 2294 actosque
684 2220 794 2279 animis
808 2220 838 2278 in
855 2220 962 2278 lunera
975 2233 1088 2297 reges,

300 2307 553 2384 Tyrrhenamque
569 2319 692 2363 manum
706 2311 862 2378 totamque
879 2300 936 2362 sub
952 2317 1042 2363 amna
1059 2322 1145 2369 coac

300 2390 493 2464 Hesperiam.
529 2389 628 2448 Maior
641 2404 742 2448 rernm
757 2388 830 2447 mihi
845 2386 981 2446 nascitur
996 2389 1106 2463 ordo;

300 2473 400 2533 Maius
416 2489 496 2547 opus
511 2487 634 2532 moveo.
669 2473 737 2533 Rex
752 2488 827 2531 arva
841 2471 967 2530 Latinus
983 2478 1016 2530 et
1029 2474 1138 2540 urbes

299 2557 364 2616 Iam
379 2558 484 2615 senior
496 2557 590 2631 longa
605 2556 744 2631 placidas
760 2558 790 2615 in
806 2571 883 2632 pace
898 2553 1038 2629 regebat.

300 2641 389 2699 llunc
403 2640 508 2699 Fauno
524 2648 555 2699 et
567 2640 706 2715 nympha
719 2642 854 2714 genitum
868 2640 1023 2699 laurente
1038 2641 1149 2709 Mario

300 2722 495 2799 Accipimns3
516 2722 623 2783 Fauno
638 2723 728 2783 Picus
743 2732 847 2798 palem
870 2726 959 2797 isque
975 2737 1153 2799 parentem

300 2810 351 2883 Te,
367 2806 505 2882 Saturne,
521 2808 628 2877 relert;
650 2813 683 2867 tu
699 2809 858 2882 sanguinis
872 2809 996 2867 ultimus
1013 2820 1145 2878 auctor.

300 2894 395 2955 Filius
410 2892 490 2967 huic,
506 2893 568 2950 lato
584 2891 698 2966 divum,
714 2893 881 2969 prolesque
897 2892 993 2951 virilis

299 2978 389 3039 Nulla
405 2977 468 3051 luit,
483 2976 643 3051 primaque
658 2977 760 3036 oriens
777 2985 882 3053 crepta
896 2977 1022 3036 inventa
1038 2991 1104 3043 est.

302 3063 377 3123 Sola
391 3060 515 3122 domum
530 3068 560 3120 et
574 3068 674 3121 tantas
690 3061 833 3121 servabat
848 3062 911 3120 filia
925 3060 1031 3135 sedes,

300 3148 365 3205 lam
379 3153 497 3206 matura
511 3146 586 3219 viro,
603 3146 664 3205 iam
678 3148 778 3221 plenis
792 3146 904 3205 nubilis
918 3145 1020 3205 annis.

300 3230 386 3290 Multi
400 3231 482 3289 illam
496 3244 607 3303 magno
622 3247 639 3289 e
653 3231 739 3290 Latio
756 3237 880 3304 totaque
896 3228 1045 3304 petebant

301 3315 456 3385 Ausonia;
478 3312 553 3389 petit
568 3320 638 3373 ante
652 3315 730 3375 alios
745 3314 968 3391 pulcherrimus
985 3330 1106 3383 omnes

300 3395 428 3471 Turnus,
445 3398 511 3457 avis
527 3398 688 3473 atavisque
702 3395 829 3473 polens:
853 3413 943 3474 quem
957 3399 1047 3473 regia
1065 3412 1147 3473 coni

64 3455 267 3574 A
295 3480 435 3564 Adiungi
450 3498 602 3563 generum
612 3483 694 3545 miro
707 3480 900 3559 properatim
910 3494 1041 3547 amum
