2326 3780
187 259 249 323 tot
454 258 486 317 Ρ.
507 257 669 318 vtaolull
689 256 863 319 Metuonis

185 412 394 486 Difficilesque
409 411 519 485 obitus,
533 410 603 470 Irim
618 410 740 470 demisit
755 408 895 487 Olympo,

186 497 268 571 Quae
282 495 444 556 luctantem
459 496 591 555 animam
604 509 766 571 nexosque
780 495 949 554 resolveret
964 500 1063 554 artus.
1095 500 1148 557 ota

185 582 260 640 Nam
275 580 347 656 quia
359 596 417 640 nec
432 580 494 641 lato
509 579 617 639 merita
629 594 688 639 nec
699 584 798 639 morte
811 578 940 654 peribat,

184 664 249 725 Sed
262 665 375 726 misera
389 671 460 725 ante
475 664 556 725 diem
570 662 735 738 subitoque
749 678 881 722 accensa
896 663 1009 735 lurore,

183 748 327 810 Nondum
340 748 383 811 illi
398 748 513 808 flavum
526 746 713 822 Proserpina
727 747 841 806 vertice
856 746 971 823 crinem

185 834 368 906 Abstulerat,
384 830 555 909 Stygioque
569 838 662 905 caput
675 831 875 891 damnaverat
890 829 979 890 Orco.

185 917 338 995 Ergolris
353 916 471 977 croceis
487 930 543 991 per
557 916 677 974 coelum
690 915 816 976 roscida
828 915 948 991 pennis,
1098 923 1150 977 loo

184 1001 266 1061 Mille
276 1000 400 1061 trahens
414 1000 518 1060 varios
534 998 666 1058 adverso
682 1000 749 1059 sole
763 999 892 1071 colores,

184 1084 322 1159 Devolat,
338 1090 368 1145 et
382 1099 476 1161 supra
490 1089 582 1159 caput
597 1082 727 1142 adstitit=
748 1084 857 1157 „Hunc
872 1099 930 1159 ago
943 1082 1005 1142 Diti

184 1167 333 1241 „Sacrum
346 1169 431 1228 iussa
445 1168 520 1240 lero,
536 1173 629 1241 teque
643 1166 703 1230 isto
719 1182 851 1243 corpore
866 1168 988 1227 solvo.“

185 1252 237 1312 Sic
251 1253 300 1326 ait,
316 1259 346 1312 et
360 1252 468 1311 dextra
482 1252 596 1311 crinem
610 1258 708 1311 secat:
730 1252 830 1311 omnis
845 1260 875 1312 et
888 1268 949 1312 una

184 1336 327 1414 Dilapsus
342 1337 434 1410 calor,
449 1343 541 1412 atque
555 1334 586 1394 in
601 1342 712 1395 ventos
729 1336 790 1395 vita
803 1338 940 1396 recessit.
1098 1346 1151 1401 705

558 1482 767 1493 -.----

429 1600 458 1665 Ρ.
492 1597 681 1664 vlltttltll
712 1596 893 1664 hlaolls

308 1722 339 1812 l
398 1721 429 1816 l
487 1720 520 1815 N
578 1721 609 1816 ll
669 1723 686 1815 Ι
744 1723 776 1816 Ι)
837 1717 956 1817 os

474 1871 613 1935 mauu
640 1870 854 1947 omarus.

184 2024 302 2083 Interea
316 2023 449 2084 medium
462 2024 586 2083 Aeneas
603 2024 663 2083 iarn
679 2026 780 2084 classe
795 2023 918 2084 tenebat

156 2124 164 2140 ·
185 2109 290 2168 Certus
305 2108 369 2182 iter,
385 2105 557 2183 fluctusque
573 2114 656 2168 atros
671 2108 826 2185 Aquilone
841 2106 975 2181 secabat,

183 2192 305 2252 Moenia
318 2191 497 2266 respiciens,
515 2208 594 2265 quae
608 2191 668 2251 iam
684 2193 814 2253 inlelicis
828 2190 949 2251 Elissae

185 2274 341 2336 collucent
354 2273 495 2343 flammis.
524 2276 608 2350 Quae
623 2284 739 2338 tantum
754 2275 931 2337 accenderit
945 2275 1061 2351 ignem,

185 2358 301 2419 caussa
315 2360 402 2419 latet!
424 2358 492 2419 duri
506 2376 617 2436 magno
635 2364 692 2421 sed
708 2376 812 2421 amore
828 2361 953 2420 dolores
1138 2380 1153 2428 5

182 2440 309 2515 Polluto,
324 2450 499 2519 notumque,
515 2445 618 2505 furens
635 2446 710 2521 quid
725 2445 841 2505 lomina
854 2444 964 2520 possit,

181 2526 281 2586 Triste
294 2541 351 2601 per
364 2528 525 2601 augurium
538 2528 724 2589 Teucrorum
739 2536 867 2605 pectora
881 2530 1006 2588 ducunt

183 2610 223 2671 Ut
236 2610 364 2685 pelagus
378 2616 504 2671 tenuere
517 2618 608 2687 rates,
624 2629 682 2673 nec
697 2614 757 2673 iam
772 2613 902 2689 amplius
916 2613 979 2672 ulla

70 2724 75 2732 ·
183 2692 321 2753 Occurrit
333 2693 433 2769 tellus,
448 2696 545 2755 maria
558 2696 694 2773 undique
708 2706 740 2757 et
754 2698 891 2774 undique
906 2697 1045 2771 coelum;

184 2776 240 2837 Olli
256 2778 415 2838 caeruleus
431 2794 526 2855 supra
540 2788 633 2857 caput
647 2782 763 2842 adstitit
777 2782 881 2857 imber,
1121 2800 1154 2850 1o

181 2862 307 2923 Noctem
320 2862 514 2939 hiememque
528 2866 640 2941 ferens,
656 2872 686 2927 et
700 2866 849 2927 inhorruit
862 2864 947 2926 unda
960 2868 1117 2932 tenebris.

182 2947 254 3023 Ipse
268 2948 453 3023 gubernator
466 2952 563 3027 puppi
577 2950 737 3012 Palinurus
752 2951 791 3010 ab
807 2952 883 3010 alta:

182 3032 277 3106 „Hem
294 3032 436 3109 quianam
450 3035 525 3094 tanti
540 3036 700 3096 cinxerunt
715 3035 841 3095 aethera
854 3032 971 3094 nimbi?

182 3116 328 3190 „Quidve
345 3124 432 3192 pater
445 3118 592 3195 Neptune,
608 3125 750 3196 parasl“
773 3117 825 3179 Sic
840 3118 954 3179 deinde
966 3120 1097 3185 locutus

182 3200 331 3276 Colligere
346 3217 429 3261 arma
443 3202 526 3264 iubet
541 3203 714 3280 validisque
731 3203 908 3263 incumbere
920 3204 1028 3283 remis,
1121 3224 1152 3275 la

181 3280 386 3361 Obliquatque
401 3287 488 3347 sinus
503 3288 533 3347 in
547 3296 680 3363 ventum,
697 3304 733 3347 ao
747 3288 820 3348 talla
834 3288 930 3349 latum

70 3400 75 3415 ι
181 3367 392 3444 „Magnanimo
406 3371 521 3445 Aenea,
538 3388 608 3445 non,
624 3373 650 3432 sl
664 3372 737 3433 mihi
752 3373 865 3449 Iupiter
880 3378 989 3434 auctor

180 3450 370 3528 „Spondeat
385 3453 444 3513 hoc
459 3470 581 3532 sperem
595 3456 711 3517 ltaliam
727 3458 904 3533 contingere
918 3458 1020 3521 coelo.

174 3536 305 3611 „Mutati
319 3544 497 3601 transversa
510 3540 641 3602 tremunt
655 3550 684 3602 et
697 3558 831 3617 vespere
845 3542 884 3602 ab
899 3548 966 3603 atro

421 3646 433 3671 .
