2326 3780
354 136 557 201 Bucolica
600 138 682 200 ECL.
725 137 762 196 Il.
783 136 833 194 Ill.
1060 131 1082 195 5

128 294 205 354 Bina
220 293 270 353 die
285 293 401 352 siccant
416 290 483 351 ovis
497 289 607 350 ubera:
631 305 710 366 quos
723 289 777 348 tibi
792 303 893 348 servo.
952 352 954 357 ,

128 378 192 438 larn
206 377 326 453 pridem
340 392 359 436 a
372 391 421 434 me
434 375 504 434 illos
519 373 675 439 ebducere
685 373 838 448 Thestylis
854 377 928 445 orat,

127 463 166 522 Et
180 461 278 533 faciet,
296 460 439 536 quoniam
455 459 582 519 sordent
595 457 648 518 libi
661 473 788 517 munera
802 461 917 516 nostra.

128 548 196 606 Huc
212 545 296 618 ades,
313 560 331 604 o
345 545 481 604 formose
495 558 585 618 puer:
606 542 660 602 tihi
674 542 737 601 lilia
750 541 850 616 plenis
1045 543 1081 599 to

129 632 210 689 Ecce
225 629 323 688 lerunt
335 627 496 704 Nymphae
511 626 654 697 calathis3
676 624 876 685 tibicandlda
889 621 971 693 Nais,

129 713 279 773 Pallentes
292 713 393 772 violas
408 719 437 771 et
451 728 569 772 summa
583 726 740 786 papavera
754 724 893 786 carpens

128 798 303 858 Narcissum
318 804 348 857 et
361 794 470 855 florem
484 795 579 869 iungit
592 795 672 854 bene
687 795 796 855 olentis
810 792 927 866 anethi,

127 881 209 956 Turn,
226 882 310 942 casia
324 888 417 958 atque
432 880 500 939 aliis
515 879 655 940 intexens
671 879 817 940 suavibus
832 878 945 953 herbiS,

126 965 230 1026 Mollia
244 966 358 1026 luteola
372 965 469 1042 pingit
482 964 621 1024 vaccinia
636 965 745 1024 caltha
1045 971 1082 1025 to

126 1051 197 1125 lpse
212 1065 269 1125 ego
286 1066 364 1111 cana
377 1051 476 1125 legarn
490 1055 596 1109 tenera
609 1048 752 1124 lanugine
766 1048 847 1108 mala

127 1133 355 1209 Castaneasque
370 1148 474 1207 nuces,
490 1149 559 1193 mea
574 1150 652 1210 quas
666 1132 833 1210 Amaryllis
848 1132 984 1203 amabam

125 1217 248 1278 Addam
263 1233 353 1277 cerea
366 1217 579 1293 pruna-honos
595 1218 650 1277 erit
662 1216 735 1277 huic
751 1233 875 1292 quoque
889 1233 1006 1293 pomo,

125 1301 163 1360 Et
176 1317 244 1375 vos,
260 1317 279 1360 o
293 1301 379 1373 lauri,
396 1317 519 1376 carpam
534 1308 564 1361 et
576 1309 616 1374 te,
632 1302 773 1376 proxima
785 1308 899 1378 myrto:

129 1383 180 1443 Sic
196 1384 315 1459 positae
332 1381 475 1457 quoniam
490 1399 602 1443 suaves
619 1385 755 1444 miscetis
771 1385 893 1445 odores.
1045 1392 1079 1446 st

169 1467 315 1527 Rusticus
330 1481 374 1538 es,
391 1466 549 1541 Corydon;
572 1481 630 1525 nec
644 1480 771 1527 munera
785 1475 869 1528 curat
881 1471 996 1542 Alexis,
1107 1492 1112 1503 ·

128 1550 200 1622 Nec,
217 1550 243 1610 si
257 1548 433 1610 muneribus
449 1555 555 1621 certes,
572 1544 721 1610 concedat
735 1550 836 1611 Iollas.

128 1635 196 1694 Heu
210 1633 279 1706 heu,
296 1633 371 1708 quid
387 1633 468 1692 volui
482 1633 594 1693 misero
610 1632 704 1692 milri?
724 1632 853 1694 floribus
866 1636 1012 1703 Austrum

127 1717 266 1777 Perditus
283 1724 312 1777 et
326 1717 452 1793 liquidis
467 1717 577 1777 immisi
592 1715 726 1777 fontibus
742 1733 845 1792 apros.

129 1801 223 1875 Quem
235 1802 323 1876 iugis
339 1800 387 1874 ah,
404 1800 554 1862 demensi
574 1800 747 1861 habitarunt
759 1798 790 1860 di
802 1816 926 1877 quoque
937 1803 1030 1863 silvas
1045 1811 1080 1866 oo

127 1885 361 1962 Dardaniusque
373 1886 469 1946 Paris.
502 1887 611 1960 Pallas,
629 1901 705 1961 quas
721 1886 858 1946 condidit
872 1902 968 1961 arces,

125 1969 200 2045 Ipsa
214 1971 309 2042 colat3
332 1970 421 2031 nobis
435 1971 578 2047 placeant
592 1977 662 2031 ante
677 1970 779 2030 omnia
794 1971 900 2030 silvae.

125 2053 225 2114 Torva
238 2055 346 2114 leaena
359 2055 464 2131 lupum
479 2055 624 2129 sequitur,
640 2056 732 2131 lupus
748 2055 815 2131 ipse
831 2054 987 2131 capellam,
1099 2068 1102 2079 ¹

123 2135 296 2198 Florentem
311 2139 443 2216 cytisum
457 2140 594 2215 sequitur
607 2138 724 2199 lasciva
739 2140 872 2215 capella,

123 2221 169 2281 Te
184 2221 338 2300 Corydon,
355 2239 373 2282 o
388 2223 494 2282 Alexi=
515 2221 607 2282 trahit
621 2238 678 2282 sua
693 2237 846 2299 quemque
859 2225 1013 2301 voluptas.
1043 2233 1078 2289 65

124 2307 270 2381 Adspice,
287 2314 387 2367 aratra
400 2307 471 2381 iugo
485 2306 622 2366 referunt
636 2322 789 2383 suspensa
802 2309 931 2383 iuvenci,

125 2389 163 2448 Et
176 2390 225 2449 sol
240 2398 413 2451 crescentes
429 2390 584 2450 decedens
600 2390 737 2467 duplicat
750 2391 889 2463 umbras;

125 2470 175 2530 Me
188 2478 288 2533 tamen
302 2475 361 2535 urit
375 2490 475 2535 amor:
498 2474 567 2556 quis
583 2474 663 2534 enirn
677 2477 788 2536 modus
804 2477 883 2536 adsit
898 2478 1015 2539 amorio

168 2555 227 2629 Ah,
245 2556 396 2634 Corydon,
414 2558 567 2635 Corydon,
584 2565 708 2633 quaele
723 2560 873 2621 dementia
887 2563 985 2639 cepit!

126 2637 314 2715 Semiputata
326 2641 380 2702 tibi
394 2643 543 2703 frondosa
558 2643 628 2703 vitis
643 2643 673 2702 in
689 2645 770 2704 ulmo
786 2650 841 2704 est.
1041 2654 1078 2713 vo

125 2721 201 2795 Quin
215 2731 247 2786 tu
261 2726 378 2800 aliquid
392 2728 499 2814 saltem
513 2727 626 2803 potius,
643 2743 770 2801 quorum
785 2728 899 2804 indiget
912 2745 998 2804 usus,

124 2807 295 2875 viminibus
310 2811 456 2886 mollique
471 2826 563 2886 paras
581 2811 724 2871 detexere
737 2812 849 2872 iunco?

121 2892 264 2955 Invenies
280 2894 381 2969 aliurn,
398 2896 424 2955 si
439 2903 468 2955 te
481 2892 531 2953 hic
545 2894 669 2967 fastidit,
685 2895 815 2959 Alexim.

312 3130 601 3198 l'llllllllllll.
644 3135 814 3194 eunoun
835 3136 880 3193 ιιι.

193 3225 437 3280 unnnncns
474 3229 717 3283 onuonrns
753 3232 998 3287 rnnlnuon

461 3328 744 3392 muhamas,

120 3407 177 3467 Dic
191 3365 273 3485 mihi,
287 3406 443 3488 Damoeta,
460 3414 559 3474 cuium
573 3422 692 3490 pecus?
713 3432 751 3475 an
764 3414 928 3480 Meliboeit
964 3436 966 3441 ·
1049 3398 1054 3407 ¹
