2326 3780
104 158 126 219 4
376 157 408 217 P.
428 155 590 217 VlRGILII
611 155 787 217 MARONIS

104 310 239 371 Assidue
253 307 404 369 veniebat
439 309 483 369 lbi
498 308 576 369 haec
589 307 747 369 incondita
760 309 848 370 solus

103 392 257 454 Montibus
270 396 301 449 et
315 394 401 455 silvis
416 393 518 455 studio
533 391 665 453 iactabat
677 392 775 453 inani:
1054 408 1068 460 y

145 475 169 538 0
185 478 317 539 crudelis
330 478 429 551 Alexi,
444 477 518 537 nihil
531 493 600 537 mea
614 478 749 537 earmina
762 484 877 538 curasl
958 548 966 555 ,

103 561 151 621 Nil
164 563 258 623 nostri
274 562 440 623 misererer
460 561 537 621 mori
552 576 601 621 me
616 560 749 637 denique
763 576 870 637 coges.

103 646 190 707 Nunc
204 648 293 708 etiam
307 647 444 723 pecudes
459 644 584 706 umbras
599 650 629 705 et
643 645 758 720 lrig'ora
772 651 909 722 captant,

103 730 189 791 Nunc
203 732 318 792 virides
333 731 421 790 etiam
438 731 588 791 occultant
602 730 722 805 spineta
735 729 879 804 lacertos,

88 815 256 892 Thestylis
270 822 300 875 et
313 815 421 890 rapido
438 814 530 875 lessis
545 812 736 874 messoribus
751 822 838 875 aestu
1043 830 1069 883 lt

103 899 184 959 Allia
197 898 427 976 serpyllumque
441 898 553 958 herbas
568 898 726 958 contundit
740 898 875 969 olentes;

102 986 144 1043 At
157 999 276 1043 mecum
290 983 404 1056 raucis,
415 990 469 1043 tua
483 983 556 1042 dum
570 981 699 1057 vestigia
712 982 818 1055 lustro,

104 1066 177 1127 Sole
191 1066 249 1127 sub
264 1067 380 1127 ardenti
395 1074 540 1127 resonant
554 1065 679 1126 arbusta
693 1066 818 1127 cicadis.

102 1150 209 1211 Nonne
224 1152 279 1211 luit
293 1151 397 1224 satius,
411 1151 513 1211 tristes
527 1150 725 1227 Amaryllidis
739 1150 801 1211 iras

102 1236 204 1309 Atque
218 1234 352 1312 superba
365 1236 428 1312 pati
443 1234 587 1296 fastidiat
606 1250 709 1295 nonne
721 1233 893 1307 Menalcan,
1037 1252 1064 1303 15

104 1319 248 1393 Quamvis
263 1321 313 1379 ille
327 1319 421 1396 niger,
439 1319 579 1395 quamvis
593 1326 626 1379 tu
641 1318 790 1379 candidus
806 1327 922 1381 esses?

104 1401 129 1463 0
145 1404 280 1465 formose
293 1421 378 1481 puer,
394 1405 520 1465 nimium
532 1420 572 1464 ne
586 1404 678 1463 crede
693 1402 803 1463 colori:

102 1487 184 1548 Alba
195 1489 322 1564 ligustra
336 1490 456 1564 cadunt,
470 1488 609 1549 vaccinia
622 1488 709 1563 nigra
723 1488 870 1563 leguntur.

144 1572 315 1650 Despectus
330 1573 383 1635 tibi
397 1591 474 1650 sum,
486 1589 555 1646 nec,
573 1573 624 1649 qui
639 1572 705 1643 sim,
722 1573 854 1646 quaeris,
868 1571 978 1649 Alexi,

104 1658 201 1731 Quam
215 1658 302 1719 dives
317 1659 448 1735 pecoris,
470 1659 551 1719 nivei
568 1673 658 1733 quam
672 1657 760 1716 lactis
774 1655 951 1720 abundans.
1031 1670 1061 1723 at

102 1741 184 1802 Mille
199 1759 285 1804 meae
300 1742 410 1804 Siculis
426 1750 527 1803 errant
540 1743 572 1802 in
585 1740 738 1802 montibus
754 1756 866 1816 agnae3

102 1825 163 1887 Lac
174 1826 247 1887 mihi
261 1844 322 1888 non
337 1834 453 1889 aestate
467 1842 589 1899 novum,
605 1842 665 1886 non
683 1825 795 1902 frigore
809 1824 893 1886 defit.

103 1910 206 1984 Canto,
223 1927 301 1987 quae
316 1913 434 1983 solitus,
450 1910 615 1986 siquando
631 1917 767 1971 mmcnta
782 1910 924 1985 vocabat,

100 1996 254 2073 Amphion
268 1995 415 2055 Dircaeus
430 1994 459 2052 in
475 1995 591 2055 Actaeo
605 1995 794 2077 Aracyntho.

100 2078 163 2138 Nec
174 2095 243 2140 sum
253 2078 332 2138 adeo
344 2077 496 2138 informis:
511 2093 610 2154 nuper
619 2095 668 2138 me
679 2079 710 2138 in
721 2080 810 2140 litore
820 2077 893 2151 vidi,
1027 2092 1056 2145 ab

101 2163 198 2237 Quum
213 2162 366 2240 placidum
380 2162 480 2223 venos
494 2169 589 2223 staret
600 2180 694 2224 mare.
729 2164 796 2224 Non
811 2178 869 2238 ego
882 2162 1039 2241 Daphnim

99 2247 204 2307 Iudice
218 2254 248 2307 te
263 2253 403 2320 metuam,
420 2247 447 2308 si
460 2264 625 2325 numquam
638 2248 714 2309 lallit
727 2248 838 2323 imago.

141 2331 164 2392 0
178 2338 293 2391 tantum
308 2331 400 2392 libeat
413 2348 532 2393 mecum
546 2331 599 2392 tibi
614 2330 826 2392 sordidarum

102 2417 206 2490 Atque
220 2416 350 2477 humiles
364 2416 500 2479 habitare
515 2432 614 2489 casas,
630 2424 660 2475 el
673 2415 768 2489 figere
779 2430 899 2489 cervos,

99 2500 336 2576 Haedorumque
350 2518 475 2578 gregem
487 2500 578 2561 viridi
593 2498 777 2574 compellere
791 2498 928 2560 hibisco:
1025 2513 1056 2568 ao

97 2666 160 2726 Pan
175 2668 289 2743 primus
305 2672 440 2732 calamos
458 2685 529 2729 cera
544 2667 728 2742 coniungere
744 2669 847 2743 plures

97 2751 240 2813 Instituit:
261 2754 324 2815 Pan
339 2762 423 2816 curat
437 2767 513 2813 oves
529 2751 693 2827 oviumque
707 2752 881 2827 magistros.

97 2835 159 2896 Neo
176 2844 206 2897 te
220 2839 374 2915 poeniteat
388 2838 506 2899 calamo
521 2834 644 2911 triuisse
658 2835 816 2897 labellum:

97 2920 180 2982 Haec
194 2923 303 2983 cadem
317 2930 350 2983 ut
363 2922 462 2992 sciret,
479 2919 554 2995 quid
567 2935 629 2979 non
644 2921 775 2981 iaciebat
789 2923 965 2997 Amyntasr
1023 2934 1055 2989 aa

96 3005 151 3065 Est
165 3007 237 3066 mihi
252 3005 426 3081 disparibus
441 3011 560 3080 septem
575 3013 735 3081 compacta
749 3004 855 3066 cicutis

96 3090 219 3163 Fistula,
234 3090 397 3149 Damoetas
412 3090 494 3148 dono
509 3087 582 3148 mihi
597 3106 688 3167 quam
704 3090 788 3150 dedit
803 3089 883 3159 olim,

95 3173 133 3233 Et
148 3174 224 3233 dixit
237 3174 385 3233 moriens=
407 3172 469 3247 „Te
482 3188 562 3234 nunc
577 3173 669 3234 habet
681 3176 746 3236 ista·
756 3174 957 3235 secundum.“

96 3257 178 3315 Dixit
192 3256 370 3329 Damoetas,
392 3258 500 3319 invidit
515 3260 623 3322 stultus
637 3262 798 3336 Amyntas.

94 3338 255 3399 Praeterea
270 3340 341 3414 duo,
357 3358 414 3403 nec
428 3351 492 3405 tuta
505 3343 578 3403 mihi
592 3345 673 3404 valle
687 3342 807 3420 reperti,
1021 3354 1058 3409 to

95 3420 246 3501 capreoli,
263 3426 380 3501 sparsis
395 3428 580 3490 etiamnunc
593 3427 724 3505 pellibus
741 3427 821 3501 albo,
