2326 3780
415 214 609 278 AENEIDOS
629 216 702 279 ΜΒ.
724 218 760 279 11.
1003 214 1065 281 123

113 369 424 445 lusentabamaptans
439 383 550 443 meque
564 378 651 431 extra
662 377 743 432 tecta
757 370 907 443 ferebam

113 452 194 514 Ecce
208 459 314 514 autem·
322 451 485 528 complexa
498 452 597 528 pedes
611 455 642 514 in
656 455 759 515 limine
775 456 887 518 coniux

112 536 272 612 Haerebat,
287 551 478 612 parvumque
491 537 570 612 putri
583 539 727 600 tendebat
740 540 847 600 lulum

110 620 165 697 „Si
180 621 332 697 periturus
347 620 423 694 abis,
445 626 475 679 et
488 634 546 682 nos
560 636 636 697 rape
650 623 681 683 in
695 623 798 684 omnia
810 630 927 692 tecum;
1010 626 1063 685 075

111 704 186 780 „Sin
201 705 335 781 aliquam
349 710 494 778 expertus
510 706 619 766 smntis
635 722 723 784 spem
737 707 828 783 ponis
843 707 874 767 in
889 706 990 783 armis,

110 790 216 865 „Hanc
230 788 359 865 primum
372 794 471 848 lutare
486 788 619 850 domum.
649 790 702 852 Cui
716 807 831 868 parvus
845 791 938 864 Iulus,

110 872 185 947 „Cui
198 879 286 950 puter
295 879 328 932 et
342 873 454 933 coniux
469 874 624 948 quondam
636 881 690 937 tua
704 875 785 935 dicta
798 875 1001 950 relinquort“

109 958 193 1018 Talia
205 957 381 1018 vociferans
396 957 511 1032 gemitu
524 963 635 1019 tectum
648 975 740 1037 omne
753 959 900 1037 replebat,

109 1040 207 1116 Quum
220 1041 352 1103 subitum
367 1041 511 1118 dictuque
526 1043 620 1103 oritur
633 1042 771 1104 mirabile
783 1051 961 1104 monstrum.
1008 1048 1062 1106 000

107 1126 246 1202 Namque
260 1142 369 1187 manus
384 1126 462 1186 inter
475 1135 724 1203 maestorumque
739 1143 794 1189 ora
807 1132 965 1205 parentum

106 1210 188 1270 Ecce
202 1211 280 1271 levis
296 1226 415 1271 summo
430 1211 470 1270 de
485 1212 599 1272 vertice
613 1212 699 1272 visus
714 1212 769 1274 Iuli

106 1294 248 1355 Fundere
263 1295 363 1354 lumen
379 1310 468 1370 apex,
483 1300 627 1370 tactuque
642 1296 768 1357 innoxia
780 1297 888 1357 molles

107 1377 256 1437 Lambere
270 1377 394 1438 flamma
408 1392 513 1437 comas
528 1386 557 1438 et
572 1379 685 1438 circum
699 1386 838 1456 tempora
853 1379 949 1457 pasti.

106 1462 170 1522 Nos
185 1462 290 1536 pavidi
304 1460 457 1535 trepidare
470 1469 562 1537 metu,
579 1463 755 1540 crinemque
768 1462 947 1539 flagrantem
1009 1468 1060 1526 68⁵

105 1545 257 1605 Excutere
271 1550 301 1604 et
315 1551 439 1604 sanctos
454 1546 643 1621 restinguere
657 1546 792 1606 lontibus
806 1547 904 1622 ignes.

106 1629 148 1689 At
159 1635 248 1705 pater
261 1627 414 1688 Anchises
430 1629 538 1690 oculos
552 1629 594 1689 ad
609 1628 712 1689 sidera
727 1631 823 1690 laetus

104 1712 226 1787 Extulit,
242 1718 272 1772 et
286 1712 372 1771 coelo
387 1713 504 1789 palmas
521 1728 590 1773 cum
602 1728 682 1773 voce
695 1714 836 1774 tetendit:

104 1797 238 1873 „Iupiter
252 1796 454 1873 omnipotens,
470 1796 613 1872 precibus
628 1797 654 1857 si
666 1795 800 1857 flecteris
814 1798 893 1873 ullis,

104 1880 263 1956 „Adspice
278 1896 352 1941 n0s=
374 1880 434 1941 hoc
447 1888 578 1953 tantum3
602 1888 640 1956 et
657 1880 684 1942 si
697 1881 810 1957 pietate
824 1896 983 1957 meremur,
1005 1890 1058 1946 600

104 1966 171 2039 „lla
185 1964 297 2025 deinde
312 1965 467 2040 auxilium,
489 1971 586 2041 paler,
608 1970 700 2043 atque
714 1965 791 2026 haec
806 1965 908 2026 omina
921 1966 1038 2027 linna.“

102 2048 166 2108 Vix
181 2049 313 2110 calatus
329 2056 394 2109 erat
407 2050 519 2124 senior,
536 2048 700 2126 subitoque
714 2048 835 2125 fragore

103 2133 235 2194 Intonuit
249 2135 379 2207 laevum,
396 2140 427 2194 et
441 2134 481 2193 de
495 2136 584 2193 coelo
598 2134 688 2210 lapsa
700 2150 758 2211 per
770 2132 893 2194 umbros

104 2217 199 2278 Stella
213 2218 311 2278 lacem
326 2219 444 2280 ducens
458 2218 552 2278 multu
566 2232 635 2279 cum
649 2219 718 2279 luce
733 2219 871 2279 cucunit.

101 2302 198 2375 Illam,
214 2318 332 2362 summa
346 2318 440 2379 super
453 2301 606 2380 labentem
621 2303 753 2364 eulmina
764 2303 844 2378 tecti,
1004 2311 1056 2368 69⁵

104 2385 260 2448 Cernimus
275 2387 369 2447 idaea
383 2388 497 2447 claram
511 2402 547 2448 se
562 2387 697 2448 condere
711 2387 800 2462 silva,
849 2392 852 2397 “

101 2470 341 2546 signantemque
354 2471 440 2543 vias;
460 2477 524 2531 tum
537 2472 630 2547 longo
645 2471 738 2531 limite
753 2472 857 2532 sulcus

101 2554 160 2614 Dat
174 2554 282 2629 lucem,
298 2560 328 2614 et
341 2555 401 2615 lote
416 2556 530 2617 circum
544 2556 614 2616 locu
628 2556 745 2616 sulfure
759 2556 883 2616 lumant.

100 2638 157 2698 llic
172 2653 246 2697 vero
261 2638 360 2699 victus
375 2639 495 2715 genitor
509 2654 544 2701 se
558 2640 635 2700 tollit
649 2639 689 2700 ed
704 2654 805 2713 eures,

100 2721 282 2797 Allaturque
297 2723 373 2783 deos
389 2729 420 2785 et
434 2730 572 2785 sanctum
586 2724 674 2784 sidus
688 2724 805 2785 adorat.
862 2733 866 2739 ’
1003 2732 1056 2791 700

101 2806 183 2881 „lam
197 2807 257 2865 iam
268 2808 351 2867 nulla
364 2821 450 2868 mora
464 2815 522 2868 est=
545 2822 661 2885 sequor
675 2814 713 2883 et,
729 2824 790 2883 qua
801 2808 919 2884 ducitis,
935 2808 1053 2869 adsum.
1073 2858 1076 2863 .

100 2887 159 2964 „Di
172 2890 271 2965 patrii,
294 2898 416 2951 servale
430 2892 564 2967 domum,
586 2901 709 2953 servate
723 2899 879 2969 nepotem!

99 2973 264 3048 „Vestnnn
277 2974 338 3035 hoe
353 2976 519 3052 augurium,
534 2982 702 3051 vestroque
716 2975 746 3034 in
760 2977 883 3036 numine
893 2976 983 3035 Troia
997 2982 1053 3037 est

98 3057 204 3133 „cedo
218 3058 362 3134 equidem
375 3075 441 3135 nee,
456 3066 535 3132 nate,
550 3059 604 3120 libi
619 3074 723 3122 comes
738 3059 782 3119 ire
796 3066 939 3120 rccus0.“

98 3141 224 3203 Dixerat
238 3143 297 3216 ille,
313 3149 344 3203 et
358 3144 418 3204 iam
431 3160 489 3221 per
500 3145 623 3204 moenia
636 3143 748 3205 clarior
760 3144 840 3219 ignis
1001 3150 1053 3209 'lot

97 3227 237 3302 Auditur,
252 3228 443 3305 propiusque
457 3235 561 3289 aestus
576 3227 719 3289 incendio
731 3227 868 3288 volvunt.

98 3311 200 3387 „Ergo
216 3326 282 3386 age,
299 3326 370 3373 care
383 3320 479 3389 pater,
494 3312 606 3373 cervici
620 3314 778 3389 imponere
791 3319 928 3382 nostram
1000 3320 1003 3325 '

98 3394 191 3470 „lpse
205 3394 316 3455 subibo
332 3395 475 3472 humeris,
494 3410 553 3459 nec
567 3412 619 3459 me
632 3396 722 3458 lator
733 3394 800 3458 iste
810 3395 978 3472 mandent

89 3476 181 3552 „Quo
193 3492 251 3538 res
265 3492 398 3559 cumque
412 3482 540 3563 cadent,
554 3490 707 3549 unumst
721 3492 899 3544 commune
908 3470 1090 3550 qaenam„
