2326 3780
356 156 551 219 aedelbos
572 158 646 219 LIB.
666 160 717 220 ΠΙ.
951 160 1013 227 127

100 314 194 373 Terra
207 311 315 388 procul
325 310 428 371 vasds·
438 308 547 370 celitur
559 310 710 372 Mavortia
722 313 860 390 campis·

58 397 192 456 Thmces
207 401 325 470 urant·,
347 394 410 454 acri
425 393 581 470 quondam
593 403 719 471 regnata
731 397 884 474 Lycurgo,

58 480 232 556 Hospitium
246 478 402 554 antiquum
416 478 534 551 Tueiae,
557 479 696 554 sociique
709 479 848 557 Penates,
977 492 1013 546 15

58 566 137 626 Dum
152 565 272 624 lertuna
285 562 355 621 luia
377 563 460 622 leror
471 561 541 637 buc,
556 569 587 623 et
599 563 688 623 litere
703 578 800 625 curvo

58 648 181 710 Moenia
194 648 291 724 prima
305 647 384 719 loco,
405 646 474 706 latis
489 646 648 721 ingressus
662 647 784 725 iniquis,

58 733 287 807 Aeneadasque
300 745 369 790 meo
384 745 496 790 nomen
511 729 551 790 dc
565 731 688 791 nemine
701 732 796 809 lingo

61 815 156 878 Sacra
168 815 324 876 Dionaeae
337 814 425 875 matri
439 813 582 890 divisque
595 814 732 877 terebant

58 899 246 976 Auspicibus
262 904 441 974 coeptorum
455 912 591 973 operum,
607 914 784 977 superoque
797 899 940 963 nitentem
973 912 1012 1009 ²⁰.
1061 884 1066 895 ⁴

60 983 244 1045 Coelicolum
257 982 323 1058 regi
336 980 528 1043 mactabam
520 998 551 1040 rn
564 984 653 1043 litere
665 989 795 1046 murum.

56 1068 148 1129 Forte
162 1068 219 1130 luit
232 1068 319 1128 iuxta
331 1066 474 1139 tumulus,
491 1082 552 1142 quo
568 1082 681 1128 cornea
694 1082 814 1131 summe

45 1152 196 1229 virgulta
211 1157 242 1212 et
256 1150 362 1212 densis
377 1111 538 1211 hastilibus
552 1150 678 1211 horrida
690 1158 820 1233 myrtus.

56 1237 196 1311 Accessi,
210 1235 402 1310 viridemque
416 1235 455 1294 ab
469 1233 562 1295 humo
576 1235 749 1296 convellere
762 1237 872 1297 silvam

58 1319 200 1394 cenatus,
214 1318 307 1379 ramis
322 1324 455 1393 tegerem
468 1324 502 1378 ut
515 1318 727 1380 frendentibus
740 1336 819 1394 eras,
973 1330 1010 1387 25

56 1403 249 1464 Horrendum
263 1409 293 1462 et
308 1403 391 1463 dictu
404 1402 496 1462 video
511 1403 648 1462 mirabile
660 1410 839 1465 monstrum.

57 1487 133 1547 Nam
149 1502 228 1562 quae
242 1486 341 1562 prima
354 1485 422 1546 sole
435 1485 533 1561 ruptis
546 1486 701 1547 radicibus
716 1487 809 1549 nrbes

58 1570 195 1643 vellitur,
211 1570 281 1631 huic
295 1576 360 1631 atro
374 1571 529 1644 liquuntur
543 1569 690 1645 sangnine
705 1576 816 1645 guttae,

56 1654 96 1714 Et
108 1661 218 1715 terram
230 1653 301 1714 tabo
316 1654 477 1715 maculant
505 1651 579 1712 Mihi
592 1653 720 1728 frigidus
734 1653 843 1714 horror
881 1712 885 1719 .

57 1738 195 1799 Membra
209 1738 313 1813 quatit,
327 1738 509 1813 gelidusque
524 1738 584 1796 coit
598 1738 758 1797 tormidine
773 1737 909 1813 sanguis.
971 1746 1010 1803 eo

56 1823 177 1884 Rursus
191 1828 222 1881 et
235 1822 359 1883 alterius
372 1822 487 1882 lentum
502 1823 675 1882 convellere
688 1822 790 1881 vimen

56 1907 214 1981 insequor,
233 1911 264 1966 et
278 1920 389 1965 causas
403 1907 525 1981 penitus
538 1912 653 1966 tentare
668 1905 811 1977 latentes;
861 1926 864 1935 ·

54 1991 142 2051 Alter
154 1995 187 2050 et·
199 1989 322 2049 alterius
337 1991 474 2063 sequitur
488 1991 528 2050 de
543 1990 655 2051 cortice
670 1990 806 2065 sanguis.

55 2074 149 2134 Multa
161 2088 290 2134 movens
305 2074 415 2148 animo,
430 2073 587 2151 Nymphas
601 2073 770 2134 venerabar
784 2080 920 2150 agrestes

57 2157 284 2232 Gradivumque
299 2164 423 2233 patrem,
440 2158 552 2219 Geticis
567 2158 619 2236 qui
633 2157 790 2234 praesidet
803 2157 894 2233 arvis,
969 2164 1007 2222 35

54 2243 124 2303 Rite
139 2241 342 2302 secundarent
356 2241 442 2302 visus
458 2257 610 2318 omenque
622 2241 770 2304 levarent

54 2325 155 2386 Tertia
169 2324 225 2386 sed
239 2331 403 2402 postquam
417 2326 531 2385 maiore
544 2325 666 2403 tractitia
679 2327 749 2388 nisu

54 2410 229 2485 Aggredior
242 2408 432 2485 genibusque
447 2409 597 2471 adversae
611 2410 751 2471 obluctor
763 2424 914 2481 arenae3-

54 2494 197 2568 Eloquar,
213 2509 252 2552 an
267 2493 412 2553 sileaml-
433 2493 563 2569 gemitus
577 2492 770 2554 lacrimabilis
785 2494 846 2554 imo

55 2578 186 2638 Auditur
199 2578 323 2651 tumulo,
339 2583 368 2637 et
381 2593 445 2638 vox
457 2578 577 2639 reddita
590 2578 685 2638 sertin
699 2577 740 2637 ad
753 2592 858 2638 aurose
968 2585 1008 2640 40

55 2660 155 2737 „Quid
167 2661 319 2736 miserum,
334 2663 448 2736 Aenea,
464 2662 602 2721 lacerast
622 2661 685 2721 Iam
699 2677 791 2735 parce
806 2662 935 2737 sepulto,

56 2744 169 2820 „Parce
184 2746 252 2821 pias
267 2746 418 2805 scelerare
432 2760 556 2807 manus=
578 2759 702 2806 nonme
716 2744 769 2803 tibi
782 2745 872 2805 Troia

55 2828 239 2904 „Externum
252 2830 325 2904 tulit,
341 2835 392 2889 aut
406 2844 496 2889 cruor
510 2829 559 2889 hic
575 2830 613 2888 de
628 2829 729 2903 stipite
743 2834 854 2887 manat

55 2912 142 2988 „Heu
157 2914 228 2987 luge
244 2914 382 2974 crudeles
397 2920 503 2987 terras,
520 2914 590 2987 luge
603 2914 673 2973 litus
689 2928 827 2972 armum:

55 2996 151 3072 „Nam
164 2996 336 3075 Polydorus
352 3012 419 3072 ¹ege.
447 2998 504 3057 Hic
519 2997 672 3058 confixum
686 2998 786 3055 ferrea
798 2996 873 3055 texit
967 3001 1005 3056 45

56 3083 216 3155 „Telorum
230 3096 320 3156 seges
336 3087 366 3141 et
379 3082 485 3142 iaculis
499 3082 627 3143 increvit
640 3082 768 3145 acutis.“

55 3166 131 3226 Tum
144 3180 220 3225 vero
235 3166 358 3241 ancipiti
372 3172 500 3225 mentem
516 3166 675 3225 tormidine
690 3180 818 3240 pressus

58 3246 217 3324 Obstupui,
233 3255 440 3324 steteruntque
455 3264 561 3309 comae
575 3256 605 3308 et
619 3265 680 3309 vex
693 3249 831 3309 faucibus
846 3247 954 3308 haesit.

55 3332 145 3392 Hime
158 3331 347 3410 Polydorum
361 3334 425 3393 auri
440 3334 594 3407 quendam
608 3349 677 3394 cum
692 3331 960 3409 ponderemugno

52 3416 163 3475 inlelix
173 3415 311 3478 Priamus
324 3418 428 3483 lurum
442 3420 609 3483 manderet
620 3420 775 3482 alendum

1000 3414 1044 3462 ‘ab
