2326 3780
123 222 189 290 aoo
393 218 427 277 r.
447 214 612 279 vrneuu
633 215 842 283 menalus

64 442 72 457 ,
122 374 222 453 „cuir
236 328 306 450 pius
319 375 444 432 Aeneas
457 366 784 431 macenniacum
800 372 954 447 arguunt

122 464 249 535 „Arma
266 456 377 533 quibus
392 457 531 527 laetatus,
546 451 628 511 habe
642 459 716 529 tua,
731 462 843 532 teque
858 466 999 533 parentuu

122 540 284 621 ,Manibus
299 548 330 601 et
343 539 447 611 cineri,
463 538 489 597 si
505 543 630 611 quaest
644 551 688 597 ea
705 553 803 613 cura,
820 542 956 601 remitto.

123 626 211 702 „Hoc
225 633 326 685 tannen
339 623 447 684 infelix
459 621 604 680 miseram
618 620 782 683 solabere
798 634 952 685 mortem:

123 714 269 787 „Aeneae
282 708 384 782 magni
399 708 507 767 dextra
521 705 644 765 cadis.“
671 704 842 783 Increpat
856 710 939 771 ultro
1025 706 1043 761 i

53 802 56 809 '
123 794 309 854 Cunctantcs
323 792 438 864 socios,
453 796 484 849 et
496 795 579 848 terra
593 786 751 851 sublevat
766 792 895 867 ipsutn,

124 876 279 953 Sanguine
293 883 465 951 turpantem
480 878 597 932 comtos
613 871 655 930 de
670 889 771 935 more
788 870 942 953 dplllos.

122 961 243 1021 Interea
256 961 375 1035 genitor
388 957 519 1018 Tiberini
534 956 575 1015 ad
589 954 734 1017 llmnlnls
751 960 885 1021 undam

122 1045 259 1104 Vulnora
273 1042 409 1104 siccabat
421 1041 565 1117 lymphis,
580 1053 774 1117 corpusque
790 1044 929 1107 levabat

123 1129 254 1188 Arboris
268 1127 394 1187 acclinis
408 1133 532 1195 trunco;
554 1124 665 1199 procul
679 1139 786 1187 aerea
799 1130 908 1189 ramis
1031 1126 1058 1197 ip

124 1211 285 1286 Dependet
298 1211 395 1285 galea,
411 1217 442 1268 et
456 1216 543 1284 prato
557 1207 666 1281 gravia
679 1222 780 1272 arma
796 1214 977 1288 quiescunt
1051 1269 1056 1290 ,

125 1294 213 1354 Stant
227 1294 296 1354 lecti
311 1295 425 1354 circum
440 1294 585 1361 iuvenes;
606 1291 678 1365 ipse
692 1308 813 1371 aeger,
830 1298 991 1371 anhelans,
1051 1309 1056 1339 ¹

126 1377 211 1438 colla
225 1378 318 1451 levet,
335 1377 424 1441 lusus
439 1391 609 1454 propexam
623 1375 654 1433 ln
669 1386 814 1450 pectore
829 1380 974 1441 barbam.
1052 1346 1060 1448 l

123 1460 220 1522 Multa
234 1476 329 1536 super
341 1462 444 1521 Lauso
459 1462 577 1535 rogitat,
593 1458 783 1535 multosque
798 1467 944 1542 remittit,
1055 1476 1060 1537 ᾗ

124 1545 182 1619 Qui
195 1552 343 1607 revocent
355 1545 527 1620 maestique
541 1544 639 1603 lerant
652 1546 826 1607 mandata.
830 1550 983 1624 parentis.
1034 1548 1061 1603 il·

123 1632 165 1689 At
177 1629 311 1691 Lausum
326 1630 403 1690 socii
418 1629 590 1689 exanimem
603 1642 702 1700 super
717 1644 817 1691 arma
832 1634 980 1697 serebant

122 1714 254 1787 Flentes,
270 1714 423 1789 ingentem
438 1721 530 1786 atque
544 1710 659 1786 ingenti
675 1712 819 1775 vulnere
835 1719 969 1781 victum.

123 1800 260 1873 Agnovit
272 1798 363 1873 longe
377 1798 521 1872 gemitum
535 1809 689 1872 praesaga
702 1800 784 1857 mali
801 1816 919 1863 mense

125 1882 271 1941 Canitiem
284 1882 378 1942 multo
395 1880 695 1955 deformatpulverc,
712 1886 745 1939 et
762 1884 888 1947 ambas
1062 1932 1066 1951 ,

123 1966 174 2025 Ad
189 1966 308 2025 coelum
322 1966 418 2025 tendit
431 1965 558 2040 palmas,
575 1969 606 2023 et
619 1977 758 2036 corpore
775 1967 944 2031 inhaeret
1037 1966 1069 2021 nir

123 2050 278 2124 „Tantane
292 2064 340 2109 me
354 2050 450 2109 tenuit
463 2046 596 2121 vivendi,
612 2053 691 2117 nate,
708 2050 886 2129 voluptas,

124 2134 185 2209 „Ut
197 2149 255 2209 pro
270 2149 318 2193 me
333 2133 436 2192 hostili
451 2140 572 2207 paterer
586 2129 761 2190 succedere
779 2135 937 2213 dextrae,

124 2216 240 2293 „Quem
253 2218 365 2292 genuit
385 2217 488 2276 Tuane
503 2216 580 2275 haec
594 2213 715 2288 genitor
729 2230 796 2289 per
811 2222 958 2283 vulnera
970 2232 1051 2282 serre.
1068 2211 1073 2235 '

124 2302 241 2378 „Morte
255 2309 307 2361 tua
323 2301 452 2361 vivens?
472 2300 549 2373 Heu,
564 2314 644 2359 nunc
657 2297 780 2359 misero
798 2304 884 2365 mihi
901 2308 1019 2368 demun
1071 2344 1074 2375 ;

124 2385 273 2462 „Exitium
287 2386 409 2454 inlelix3
429 2400 509 2444 nunc
523 2384 582 2443 alte
595 2382 708 2442 vulnus
724 2383 906 2451 adactum!
1042 2388 1075 2445 iil·

123 2469 228 2547 „Idem
242 2484 309 2542 ego,
325 2476 403 2539 nate,
418 2476 503 2529 tumn
517 2465 667 2526 maculavi
682 2465 823 2530 crimine
839 2488 973 2550 nomen,

124 2552 255 2627 „Pulsus
271 2552 310 2611 ob
325 2553 472 2613 invidiam
485 2552 564 2613 solio
580 2548 781 2624 sceptrisque
797 2561 966 2629 paternis.

123 2634 314 2712 „Debueram
329 2637 448 2712 patriae
462 2649 580 2712 poenas
595 2633 742 2707 odiisque
757 2652 934 2705 meorum:

124 2718 255 2796 „Omnes
270 2736 327 2795 per
339 2728 454 2781 mortes
470 2721 601 2781 animam
615 2724 737 2778 sontem
752 2719 835 2795 ipso
851 2726 1025 2791 dedissem!

123 2804 228 2880 „Nunc
237 2804 317 2879 vivo,
334 2820 435 2881 neque
443 2802 691 2864 adhuchominos
698 2803 885 2885 lucemque
891 2808 1067 2887 relinquutll

123 2887 208 2962 „Sed
221 2888 389 2964 linquam.“
417 2888 513 2950 Simul
527 2888 588 2947 hoc
603 2886 710 2946 dicens
725 2890 852 2953 attollit
867 2896 903 2957 in
920 2910 1034 2973 aegrum

124 2971 165 3033 Se
180 2974 285 3046 lemur,
303 2980 341 3047 et,
359 2988 546 3048 quamquam
561 2972 607 3030 vis
622 2970 683 3030 alto
697 2970 841 3037 vulnere
857 2982 977 3055 tardat,

121 3056 212 3117 Haud
227 3056 365 3117 deiectus
380 3070 494 3133 equum
510 3056 581 3116 duci
597 3053 690 3114 iubet
718 3052 794 3118 Hoc
810 3060 925 3129 decus
939 3068 990 3139 illi.

121 3141 189 3201 Hoc
203 3142 342 3201 solamen
357 3148 431 3213 erat,
445 3140 535 3201 bellis
549 3138 610 3199 hoc
624 3137 723 3197 victor
735 3138 856 3215 abibat
1075 3180 1078 3185 ·

122 3223 278 3285 Omnibus.
307 3226 483 3301 Alloquitur
496 3228 681 3283 maerentem
695 3229 728 3284 et
741 3226 872 3295 talibus
890 3234 977 3297 indu
1041 3226 1069 3287 1

119 3307 275 3384 „Rhaebe,
291 3310 344 3370 diu
357 3342 370 3353 -
384 3326 436 3370 res
451 3309 478 3369 si
493 3308 623 3385 quadiu
637 3307 832 3375 mortalibus
848 3318 924 3381 una
938 3326 1008 3383 032.

120 3390 293 3467 „Viximus
321 3395 384 3454 Aut
398 3392 492 3455 hodie
506 3394 605 3452 victor
619 3390 723 3467 spolia
737 3392 797 3455 illa
813 3412 959 3469 cruenta

33 3507 46 3556 p
119 3476 179 3561 „llt
193 3486 290 3561 caput
302 3482 430 3539 Aeneae
439 3475 741 3545 reteresnausique
752 3476 921 3549 Aulaeum
