2326 3780
348 182 553 245 Bucolica
595 183 854 245 Ecc.v11.vln.
1033 183 1083 251 lo

126 340 295 402 Formosae
308 343 426 414 myrtus
439 336 563 411 Veneri,
578 351 635 396 sua
649 335 754 397 laurea
766 336 912 413 Phoeb02

126 423 243 500 Phyllis
258 427 339 481 amat
352 420 489 481 condus:
511 419 579 481 illas
594 419 667 480 durn
679 418 796 496 Phyllis
809 420 931 499 amabit,

126 508 190 568 Nec
204 511 321 585 myrtus
336 505 438 566 vincet
452 504 585 576 coculos,
602 519 660 648 ngc
673 504 778 648 gmon
791 504 917 566 Phoebi.

126 675 275 735 Fraxinus
290 672 321 733 111
335 672 423 735 silvis
438 672 650 750 pulcherrima,
665 672 757 748 pinus
771 673 802 733 in
816 673 923 749 hortis,
1045 682 1081 739 ot

106 826 108 831 ,
126 759 261 836 Poprdus
275 757 306 817 in
320 756 434 832 fluviis,
450 756 537 817 abies
552 756 583 816 in
597 755 750 818 montibus
764 756 850 829 altis;

127 842 257 920 Saepius
273 847 305 902 at
317 840 344 903 si
359 857 417 915 me,
432 840 551 919 Lycida
564 840 709 916 formose,
721 842 854 913 revisas,

124 924 274 988 Fraxinus
283 926 320 997 :in
334 926 422 987 silvis
437 924 526 986 cedat
538 924 601 998 tibi,
616 924 708 1001 pinus
722 925 754 986 in
767 925 875 987 hortis.
957 998 961 1005 ¹

461 1007 743 1070 MELIBOEUS.

123 1095 208 1157 Haec
222 1095 353 1167 memini,
370 1101 401 1155 et
412 1092 525 1154 victum
541 1093 653 1154 frustra
667 1095 854 1156 contendere
867 1091 1017 1172 Thmsim.

125 1179 236 1239 Exitio
252 1178 398 1256 corydon
413 1176 558 1255 Corydon
573 1183 621 1238 est
634 1183 772 1253 tempore
786 1177 887 1240 nobis.
1046 1183 1082 1241 lo

237 1349 660 1460 calaurensium.
702 1394 963 1455 noseorum.

361 1489 509 1541 DAMON.
545 1489 849 1543 ALPHESIBOEUS.

125 1592 286 1654 Pastorum
298 1589 420 1651 Musam
433 1590 581 1651 Dmnonis
596 1596 626 1650 et
639 1589 848 1666 Alphesiboei,

125 1679 289 1737 immemor
301 1672 464 1735 herbarum
477 1687 557 1749 quos
571 1681 619 1749 est
630 1674 739 1735 mirata
751 1674 881 1734 iuvenca
945 1734 950 1745 ,

126 1762 292 1833 Germntes,
310 1773 439 1834 quorum
453 1758 644 1834 stupefactae
658 1757 792 1818 carmine
805 1759 922 1834 lynces,

123 1847 163 1906 Et
175 1849 288 1905 mutata
302 1857 378 1904 suos
391 1843 568 1918 requierunt
581 1840 709 1903 flumina
722 1856 840 1916 causus,
999 1845 1004 1853 '

123 1927 272 1990 Damonis
286 1926 406 1987 Musam
421 1922 560 1988 dicemus
574 1933 605 1987 et
616 1924 829 2003 Alphesiboei.
1064 1933 1081 1986 5

166 2013 211 2074 Tu
224 2011 299 2071 1111111
312 2026 368 2072 seu
382 2012 485 2087 magni
499 2025 629 2087 superas
643 2012 705 2071 iam
719 2026 797 2071 saxa
809 2008 934 2084 Timavi,

124 2098 199 2160 Sive
214 2110 300 2157 oram
313 2094 426 2171 lllyrici
441 2095 518 2171 legis
533 2095 692 2171 aequoris=
714 2109 753 2155 en
767 2095 823 2155 erit
836 2111 982 2171 umquam

122 2183 177 2242 ille
193 2181 270 2253 dies,
285 2178 359 2239 mihi
374 2195 467 2254 quum
481 2179 571 2239 liceat
582 2186 635 2240 tua
650 2178 752 2240 dicere
766 2179 867 2239 lactat

122 2267 169 2327 En
185 2265 249 2338 erit„
265 2269 299 2324 ut
312 2263 402 2324 liceat
414 2270 511 2324 tolum
523 2262 598 2324 mihi
612 2265 692 2323 lcrre
705 2278 762 2339 per
775 2262 880 2323 orbem

125 2349 199 2411 Sola
213 2347 388 2445 Sophocleo
400 2354 454 2408 tua
468 2347 602 2408 carrina
617 2347 711 2422 digna
724 2346 894 2408 cothmnor
1043 2358 1078 2410 10

124 2435 154 2494 A
167 2441 197 2492 te
211 2431 399 2508 principium,
415 2430 468 2491 tibi
483 2431 616 2492 desinet=
638 2431 745 2527 accipe
758 2431 853 2492 iussis

85 2544 89 2553 ·
126 2516 266 2577 carmina
279 2522 389 2591 coepta
402 2517 471 2589 tuis,
487 2523 579 2592 atque
592 2515 672 2575 hanc
687 2515 754 2576 sine
766 2522 905 2591 tempora
920 2515 1032 2577 circum

124 2599 206 2660 lnter
219 2600 359 2660 matrices
372 2599 518 2660 hederam
530 2600 584 2660 tihi
600 2614 725 2675 serpere
740 2599 852 2661 lauros.

166 2683 289 2760 Frigida
302 2683 354 2742 vix
370 2684 457 2743 coelo
472 2685 571 2745 nociis
586 2683 763 2744 decesserat
774 2683 890 2758 umbra,

126 2768 224 2844 Quum
236 2783 289 2828 ros
305 2767 335 2827 in
348 2773 454 2828 tenera
467 2768 572 2844 pecori
586 2767 777 2843 gratissimus
791 2766 902 2839 herbam
1042 2774 1076 2827 15

123 2852 307 2914 Incumhens
320 2853 406 2912 tereti
420 2852 538 2912 Dmnon
554 2852 600 2912 sic
615 2853 716 2929 coepit
731 2852 846 2913 olivae=
931 2898 938 2905 .

165 3022 300 3082 Nascere
314 3035 449 3097 praeque
464 3019 545 3081 diem
559 3020 686 3082 veniens
701 3035 768 3096 age,
782 3017 911 3092 Lucifer,
927 3018 1047 3095 almmu

123 3105 270 3182 coniugis
284 3105 409 3180 indigno
424 3104 516 3165 Nisae
531 3104 678 3181 deceptus
692 3117 797 3165 mnore
864 3154 866 3158 ,

121 3192 202 3253 Dum
218 3204 337 3264 queror,
353 3195 384 3248 ct
397 3188 501 3249 divos·
488 3205 686 3264 -quamquam
699 3189 742 3249 1111
754 3187 882 3250 testibus
897 3186 956 3273 illis
1040 3246 1045 3255 ,

121 3274 197 3336 Prof
196 3274 256 3334 eci·
244 3280 393 3334 -extrema
406 3273 539 3334 moriem
553 3280 654 3334 umen
668 3274 809 3348 alloquor
822 3268 947 3333 hora
1034 3280 1073 3333 ao

122 3358 228 3436 incipe
241 3357 410 3419 Maenalios
425 3371 551 3432 mecum
565 3373 636 3419 meu
646 3357 729 3432 tibia,
743 3371 864 3417 versus.

123 3441 282 3504 Maenalus
298 3447 497 3518 argutumque
511 3457 616 3503 nemus
632 3442 785 3519 pinosque
797 3440 966 3517 loquentes

841 3525 881 3591 ςὶᾎ
