2340 4296
413 612 604 675 AENEIDOS
625 613 699 675 LlB.
722 614 758 672 V.
998 612 1060 677 165

104 768 320 847 „consurgunt
331 765 424 839 venti
442 770 535 840 atque
548 764 579 825 in
594 764 706 827 nubem
720 765 838 841 cogitur
851 769 920 839 aim
1024 774 1061 831 Ao

104 852 188 930 „Nec
202 864 261 911 nos
276 848 370 911 obniti
385 856 493 910 contra
507 863 563 909 nec
577 850 705 911 tendere
717 856 833 917 tautum

105 934 311 1012 „Sulllcirnua
338 930 472 1009 Superat
485 933 631 1007 quoniam
643 933 786 1007 Fortuna,
801 949 975 1009 aequamur,

105 1019 256 1096 „Quoque
269 1024 369 1093 vocat,
385 1024 539 1079 vertamus
553 1018 618 1079 iter.
647 1018 711 1079 Nec
724 1018 814 1079 litora
827 1019 918 1094 longe

105 1105 201 1180 „Fida
213 1118 285 1163 reor
298 1102 431 1163 iratema
442 1100 554 1178 Erycis
572 1109 742 1179 portusque
756 1101 895 1175 Sicanos,

105 1187 159 1263 „Si
171 1187 265 1248 modo
279 1187 336 1247 rite
349 1200 467 1247 memor
481 1193 605 1247 servata
617 1187 761 1247 remetior
774 1191 886 1247 astra“
1024 1195 1061 1249 to

104 1272 179 1333 Tum
192 1271 263 1347 pius
277 1274 419 1341 Aeneas;
440 1268 612 1345 „liquidem
627 1271 673 1331 sic
687 1285 819 1347 poscere
832 1278 943 1333 ventos

105 1356 304 1433 „iamdudum
318 1362 349 1416 et
362 1355 475 1415 frustra
489 1369 582 1415 cerno
596 1362 628 1415 te
641 1354 767 1416 tendere
782 1362 903 1416 contras

105 1440 227 1517 „Flecte
241 1440 324 1501 viam
337 1438 425 1501 velis.
453 1440 503 1499 An
518 1439 559 1500 sit
572 1438 646 1501 milri
658 1439 774 1515 gratior
786 1438 859 1515 ulla,

105 1526 234 1600 „Quove
246 1524 345 1600 magis
359 1524 461 1585 lassas
477 1530 580 1599 optem
595 1524 753 1585 demittere
766 1538 873 1596 naves,

105 1610 223 1684 „Quam
238 1624 317 1684 quae
330 1608 518 1669 Dardanium
531 1607 623 1668 tellus
637 1608 710 1669 mihi
725 1614 829 1669 servat
841 1610 985 1684 Acesten,
1025 1616 1062 1671 30

105 1694 163 1768 „Et
176 1694 273 1769 patris
287 1692 443 1753 Anchisae
458 1690 574 1766 gremio
591 1692 801 1768 complectitur
814 1696 935 1753 ossat“

105 1778 190 1838 llaec
203 1776 255 1837 ubi
270 1776 367 1845 dicta;
389 1782 496 1850 petunt
509 1783 627 1850 portus,
643 1784 672 1836 et
687 1778 758 1837 vela
772 1775 902 1839 secundi

108 1859 268 1921 intendunt
280 1857 430 1934 Zephyri:
452 1860 547 1919 lertur
561 1859 621 1919 cita
634 1860 754 1934 gurgite
768 1859 888 1935 classis,

105 1944 143 2004 Et
157 1943 281 2002 tandem
295 1942 365 2000 laeti
379 1948 471 2001 notae
485 1942 684 2003 advertuntur
697 1958 820 2003 arenae.

148 2026 190 2085 At
204 2024 310 2100 procul
325 2023 450 2085 excelso
464 2025 591 2085 miratus
605 2026 719 2086 vertice
733 2025 846 2087 montis
1026 2036 1061 2089 3⁵

106 2109 282 2169 Adventum
296 2107 462 2184 sociasque
475 2114 566 2179 rates,
582 2110 713 2169 occurrit
727 2112 867 2183 Acestes,

106 2192 256 2254 Horridus
272 2191 302 2251 in
317 2191 424 2253 laeuis
439 2199 469 2251 et
481 2192 562 2267 pelle
574 2191 743 2270 Libystidis
757 2208 858 2267 ursae,

107 2276 198 2338 Troia
212 2276 340 2337 Crimisa
356 2284 538 2353 conceptum
551 2274 676 2337 litunine
689 2283 786 2337 mater

107 2361 203 2436 Quem
217 2360 330 2436 genuit.
359 2360 505 2421 Veterum
518 2375 580 2421 non
594 2360 752 2422 immemor
766 2360 817 2422 ille
829 2367 997 2436 parentum,

108 2446 248 2507 Gratatur
261 2444 392 2505 reduces
406 2452 437 2505 et
450 2460 529 2519 gaza
541 2445 639 2507 laetus
655 2445 768 2521 agresti
1025 2454 1062 2507 to

105 2529 235 2606 Excipit
251 2543 288 2589 ac
302 2528 405 2589 fessos
420 2528 531 2605 opibus
546 2530 663 2589 solatur
675 2529 793 2591 aulicis.

106 2614 232 2675 Postera
246 2628 339 2689 quum
353 2612 452 2689 primo
467 2612 573 2675 stellas
588 2612 709 2674 Oriente
723 2613 843 2689 iugarat

109 2699 196 2758 clara
210 2696 297 2769 dies;
318 2697 424 2758 socios
437 2697 470 2757 in
484 2703 605 2758 coetum
617 2697 706 2759 litore
720 2696 759 2757 ab
774 2697 857 2759 omui

107 2782 249 2841 Advocat
263 2782 386 2841 Aeneas
400 2781 569 2858 tumulique
583 2796 622 2841 cx
638 2796 751 2857 aggere
765 2781 859 2842 latura

108 2862 323 2937 „Dardamdae
335 2865 447 2941 magni,
461 2880 560 2940 genus
574 2865 637 2925 alto
651 2881 671 2926 a
684 2866 834 2941 sanguine
848 2862 962 2940 divum,
1025 2874 1061 2924 ca
1075 2864 1083 2879 “

108 2949 259 3023 „Annuus
273 2948 390 3009 exacds
405 2950 575 3025 completur
588 2948 746 3011 mensibus
762 2948 856 3025 orbis,

108 3030 174 3106 „lix
190 3044 251 3105 quo
265 3030 410 3107 reliquias
425 3032 581 3107 divinique
595 3048 670 3095 ossa
683 3034 819 3109 parentis

108 3112 327 3192 „Condidimus
340 3120 422 3175 terra
434 3125 629 3193 maestasque
643 3116 834 3179 sacravimus
848 3130 929 3191 aras,
1081 3164 1085 3172 ,

107 3199 254 3275 „lamque
268 3196 345 3273 dies,
360 3197 420 3259 nisi
434 3199 532 3276 lullor,
546 3200 645 3275 adest,
667 3216 757 3276 quem
772 3214 894 3277 semper
908 3197 1060 3273 acerbum,

108 3282 257 3358 „Semper
270 3280 524 3345 honoratum-sic
539 3282 571 3343 di
586 3282 884 3345 voluistis-habebo.
1027 3292 1064 3345 oo

108 3366 215 3442 „Hunc
230 3380 287 3441 ego
304 3365 438 3427 Gaetulis
452 3382 575 3443 agerem
590 3368 617 3427 si
632 3366 773 3444 Syrtibus
788 3367 886 3440 exsul,

108 3450 312 3526 ,Argolicove
325 3453 401 3511 mari
416 3451 588 3528 deprensus
604 3459 634 3513 et
646 3450 722 3512 urbe
736 3451 902 3529 Mycenae3

108 3534 238 3609 „Annua
250 3541 325 3595 vota
336 3542 439 3596 tamen
452 3536 670 3613 solemnesque
684 3536 792 3596 ordine
805 3548 937 3610 pompas

107 3661 117 3692 ‚
153 3631 329 3695 xsequcrer,
344 3626 556 3694 strueremque
570 3619 635 3681 suis
649 3619 756 3679 altaria
770 3618 870 3679 donis.

107 3701 214 3775 „Nunc
226 3700 306 3763 rutro
320 3701 361 3762 ed
375 3703 495 3765 cineres
509 3704 608 3785 ipsius
623 3710 653 3765 et
667 3718 742 3763 ossa
756 3700 899 3777 parentis,
1026 3707 1063 3761 aa

108 3784 218 3858 „Haud
231 3784 375 3861 equidem
388 3786 456 3849 sine
470 3792 570 3849 mente
584 3802 663 3862 reor,
686 3787 753 3847 sine
766 3784 888 3847 numine
902 3782 1019 3855 divom.

106 3868 294 3946 „Adsumua
308 3876 339 3931 et
351 3878 462 3947 portus
477 3870 569 3933 delati
584 3871 732 3932 intramus
742 3868 883 3931 amieoss
