2326 3780
374 165 567 228 nubamus
588 166 661 226 LlB.
682 167 719 225 ΙΙ.
960 161 1020 227 117

71 320 201 382 Ρ4444444
217 319 369 392 obiiciunt,
386 326 532 395 prensant
546 319 667 393 fastigia
681 318 806 378 dextris.

71 404 268 465 Dardanidae
282 410 388 464 contra
400 411 499 464 turres
514 419 550 463 ac
564 408 644 463 tecta
659 403 819 464 domorum
970 402 1021 459 444

73 489 210 549 Culmina
224 488 412 549 convellunt=
433 487 482 548 his
497 504 540 559 se,
558 487 680 564 quando
695 487 799 546 ultima
813 493 947 559 cernunt,

72 574 214 633 Extrema
228 573 288 632 iam
302 573 333 631 in
345 578 442 633 morte
456 579 564 647 parant
578 570 745 631 defendere
759 570 837 645 44444,

72 660 267 733 Auratasque
280 655 393 729 trabes,
408 663 546 716 veterum
560 656 675 715 decora
689 656 750 716 atta
762 662 930 731 parentum,

73 742 262 811 Devolvunt3
285 740 335 800 alii
350 739 463 801 strictis
476 740 673 802 mucronibus
688 740 765 799 imas

74 824 230 885 Obsedere
244 826 343 885 444444
365 824 422 884 has
437 833 561 885 servant
574 824 694 899 agmine
708 825 818 883 denso.
968 823 1023 881 450

72 908 234 970 Instaurati
249 909 348 982 44444444,
362 909 445 983 regis
459 923 639 969 succurrere
651 909 749 979 444444,

71 994 257 1068 Auxilioque
270 994 374 1053 levare
386 993 480 1068 viros,
495 994 619 1068 vimque
633 993 748 1052 addere
761 992 861 1051 uictis.

21 1094 24 1101 ·
72 1078 175 1137 Limen
189 1084 254 1137 erat
268 1092 440 1151 caecaeque
454 1078 537 1137 44444
551 1084 582 1137 et
595 1078 719 1152 pervius
733 1092 811 1136 usus

71 1164 231 1222 Tectorum
245 1162 323 1220 inter
337 1176 372 1221 se
385 1160 504 1234 Priami,
520 1168 688 1237 postesque
703 1160 798 1220 relicti

71 1247 99 1304 A
113 1252 209 1320 tergo,
224 1245 330 1303 infelix
345 1260 406 1318 qua
420 1260 464 1318 se,
481 1245 554 1304 dum
566 1260 661 1319 regna
675 1244 846 1317 manebant,
970 1248 1023 1303 4544

73 1329 204 1403 Saepius
217 1328 434 1387 Andromache
448 1328 527 1386 44444
541 1329 716 1387 incomitata
730 1326 849 1387 solebat

72 1411 123 1471 Ad
138 1426 274 1483 soceros,
296 1416 327 1469 et
340 1424 400 1469 avo
414 1425 540 1486 puerum
554 1412 745 1486 Astyanacta
756 1409 904 1471 trahebat.

72 1494 181 1553 Evado
196 1493 360 1553 adsummi
374 1494 495 1568 fastigia
508 1495 658 1569 culminis,
673 1494 755 1553 unde

72 1578 145 1637 Tela
158 1592 250 1637 manu
264 1576 367 1636 miseri
381 1576 534 1636 iactabant
546 1578 631 1637 irrita
642 1577 760 1637 Teucri.

72 1662 196 1736 Turrim,
210 1661 242 1721 in
256 1660 415 1737 praecipiti
431 1667 559 1721 stantem
573 1662 762 1734 summisque
777 1658 833 1721 sub
849 1665 932 1719 astra
972 1660 1026 1719 464

72 1745 221 1805 Eductam
233 1744 332 1817 tectis,
346 1745 430 1806 uude
445 1745 543 1804 omnis
556 1744 646 1805 Troia
658 1744 756 1804 videri

71 1828 110 1889 m
122 1828 262 1890 Danaum
276 1824 385 1889 solitae
399 1845 495 1889 neves
509 1836 541 1888 et
552 1829 689 1889 Achaica
703 1835 812 1900 castra,

71 1914 221 1989 Aggressi
234 1914 315 1973 44444
330 1912 452 1985 circum,
470 1928 531 1988 qua
544 1929 662 1973 summa
674 1911 814 1973 labantes

72 1999 231 2058 Iuncturas
246 1997 380 2058 tabulata
395 1996 516 2073 dabant,
531 1997 731 2058 convellimus
745 1996 817 2057 altis

74 2081 205 2142 Sedibus
220 2082 471 2157 impulimusquer
494 2082 773 2157 ealapsarepente
785 2078 904 2141 ruinam
971 2088 1025 2145 445

74 2165 145 2226 Cum
162 2165 263 2226 sonitu
275 2166 366 2225 trahit
378 2171 409 2225 et
421 2164 559 2226 Danaum
574 2180 669 2241 super
681 2164 804 2240 agmina
815 2164 877 2225 late

71 2249 189 2308 Incidit.
215 2252 275 2309 Ast
288 2250 340 2309 alii
354 2248 493 2322 subeunt,
516 2264 575 2311 nec
589 2264 667 2311 saxa
681 2264 737 2309 nee
751 2248 846 2309 ullum

72 2333 213 2392 Telorum
227 2333 343 2393 interea
357 2339 459 2394 cessat
472 2348 581 2409 genua
617 2340 623 2369 ²

73 2415 265 2477 Vestibulum
280 2424 350 2477 ante
363 2416 465 2492 ipsmu
479 2417 642 2494 primoque
655 2418 687 2478 in
700 2416 803 2477 limine
815 2414 951 2493 Pyrrhus
967 2445 973 2453 ·

73 2500 220 2572 Exsultat,
235 2500 303 2560 telis
318 2501 430 2561 etluce
443 2516 593 2563 44444444
607 2503 721 2563 ahenam
763 2548 766 2553 .
971 2506 1026 2564 444

74 2582 178 2656 Qualis
193 2583 244 2643 nbi
258 2583 288 2644 in
303 2585 401 2644 lucem
416 2585 541 2646 coluber
552 2586 634 2646 mala
647 2586 784 2661 gramina
796 2591 914 2661 pastus,

71 2667 195 2743 Frigida
208 2667 265 2728 sub
280 2668 362 2728 terr'a
374 2668 523 2730 tumidum
537 2686 629 2745 quem
641 2671 749 2731 bruma
761 2668 892 2744 tegebar,

71 2751 156 2811 Nune
171 2752 281 2827 positis
295 2768 394 2813 nevus
409 2754 529 2814 exuviis
544 2754 721 2831 nitidusque
735 2754 865 2829 iuventa,

71 2835 202 2897 Lubrica
216 2838 372 2898 convolvit
385 2838 505 2899 sublato
520 2845 645 2912 pectore
658 2846 754 2913 terga

70 2920 196 2981 Arduus
211 2922 373 2996 adamam,
388 2928 419 2981 et
431 2922 544 2997 linguis
557 2923 649 2982 micat
663 2938 717 2983 ore
729 2919 874 2981 4444444444.
971 2924 1024 2983 444

70 3004 139 3064 Una
152 3005 261 3081 ingens
275 3004 422 3081 Periphas
437 3011 467 3065 44
481 3021 629 3081 equorum
644 3006 774 3081 agitator
787 3002 931 3076 Achillis.

71 3088 212 3164 Armiger
223 3089 429 3161 Automedon,
447 3106 509 3150 unu
523 3092 625 3152 omnia
640 3090 751 3168 Scyria
762 3088 862 3165 pubes
962 3123 966 3131 ·

72 3168 247 3233 Succedunt
259 3180 350 3248 tecto,
365 3181 396 3234 et
409 3173 548 3235 flammas
563 3176 604 3235 ad
618 3175 749 3235 culmina
763 3173 886 3233 iactant.

70 3253 142 3328 lpse
156 3254 234 3315 444444
246 3257 363 3333 primos
378 3263 520 3334 correpta
533 3259 611 3319 dura
623 3257 750 3334 bipenni

67 3336 186 3398 Limina
199 3341 374 3419 perrunpit
388 3349 562 3421 postesque
575 3360 597 3405 a
610 3342 743 3405 cardine
753 3339 849 3401 444444
1001 3338 1060 3389 Q

64 3422 213 3493 heremo,-
231 3424 355 3503 iamque
369 3428 479 3489 excisa
492 3429 585 3493 trabe
600 3430 698 3493 hrma
711 3424 849 3489 curauit
