2326 3780
119 186 185 253 330
403 184 436 243 P.
456 184 618 247 vtttotial
639 186 837 249 MARONIS

119 342 214 400 Troes
228 336 425 413 Agyllinique
439 343 469 396 et
480 337 571 418 pictis
585 336 731 396 Arcades
745 341 864 400 armis.

121 423 173 484 Sic
187 437 294 482 omnes
308 436 395 480 amor
408 436 488 481 unus
502 420 594 480 habet
607 420 784 482 decernere
802 424 907 486 ferro.

118 507 278 582 Diripuere
293 520 378 583 aras3
401 505 424 564 it
437 511 501 565 toto
515 504 636 564 turbida
650 506 742 566 coelo

45 658 48 663 ,
118 592 298 666 Tempestas
312 590 450 661 telorum,
466 605 503 648 ao
517 590 634 649 ferreus
649 589 766 663 ingruit
783 592 903 668 imber,

120 674 322 749 Craterasquc
337 675 487 747 iocosque
502 674 610 732 ierunt.
644 671 737 747 Fugit
750 676 829 750 ipse
844 677 994 752 Latinus,
1053 685 1092 741 ab

117 758 258 819 Pulsatos
273 758 410 816 referens
425 758 536 815 inlecto
552 756 678 815 loedere
693 758 803 818 divos.

118 842 274 901 infrenant
287 841 337 900 alii
352 856 468 914 currus,
484 848 535 900 aut
550 855 680 915 corpora
694 842 778 901 saltu

118 925 290 986 Subiiciunt
302 925 332 983 in
348 940 455 999 equos,
471 931 500 984 et
514 924 626 984 strictis
640 924 769 985 ensibus
788 926 926 988 adsunt.

118 1009 282 1085 Messapus
298 1024 401 1082 regem
414 1009 559 1084 regisque
573 1007 691 1081 insigne
704 1018 875 1083 gerentem

118 1093 306 1168 Tyrrhenum
319 1093 475 1166 Aulesten‚
491 1092 600 1151 avidus
616 1092 814 1153 confundere
831 1096 965 1169 foedus,
1049 1105 1091 1158 iit

117 1177 261 1237 Adverso
276 1181 425 1251 proterret
439 1191 532 1249 equo.
566 1176 636 1235 Ruit
649 1176 700 1234 ille
713 1178 888 1250 recedens,

117 1261 154 1320 Et
168 1261 261 1319 miser
276 1259 427 1334 oppositis
442 1275 462 1318 a
475 1267 561 1334 tergo
575 1259 740 1320 involvitur
754 1261 823 1320 aris

116 1344 151 1403 ln
166 1349 258 1418 caput
270 1343 364 1417 inque
378 1343 540 1413 humeros3
563 1351 594 1403 at
608 1343 745 1403 fervidus
760 1345 900 1405 advolat
915 1345 1010 1407 lrasta

116 1428 291 1501 Messapus,
306 1428 429 1502 teloque
445 1434 580 1487 orantem
594 1427 688 1487 multa
700 1426 815 1497 trabali

116 1511 257 1586 Desuper
272 1512 350 1570 altus
365 1527 444 1586 equo
460 1511 592 1586 graviter
605 1511 681 1582 ierit,
697 1516 789 1585 atque
806 1512 853 1570 ita
867 1514 972 1573 latur:
1045 1523 1089 1577 295

116 1597 202 1669 „Hoc
217 1595 316 1669 habet,
332 1595 409 1654 haec
422 1596 530 1655 melior
544 1595 661 1670 magnis
677 1594 749 1654 data
763 1595 897 1655 victima
915 1599 1031 1660 divis.“

118 1679 308 1739 Concurrunt
321 1679 396 1751 Itali,
412 1680 605 1753 spoliantque
621 1679 750 1738 calentia
765 1680 924 1739 membra.

117 1762 233 1823 Obvius
247 1762 419 1822 ambustum
432 1770 543 1822 torrem
559 1762 735 1838 Corynaeus
751 1761 790 1820 ab
807 1780 866 1822 ara

117 1846 255 1921 Corripit,
270 1853 300 1905 et
312 1846 445 1905 venienti
458 1846 563 1906 Ebuso
580 1846 763 1921 plagamque
778 1847 894 1906 terenti

117 1924 253 2005 Occupat
268 1946 304 1989 os
319 1928 464 1989 flammis:
487 1930 538 1989 olli
554 1932 661 2005 ingens
675 1928 772 1990 barba
785 1930 916 2001 reluxit,
1043 1944 1090 1997 000

116 2013 323 2088 Nidoremque
337 2012 477 2073 ambusta
491 2014 584 2073 dedit.
619 2013 719 2088 Super
731 2013 800 2088 ipse
816 2024 954 2076 secutus

117 2097 289 2158 Caesariem
303 2098 392 2158 laeva
405 2096 515 2157 turbati
531 2097 655 2172 corripit
668 2096 777 2169 hostis,

114 2181 333 2257 Impressoque
347 2197 427 2256 genu
441 2182 541 2241 nitens
555 2188 654 2241 terrae
669 2181 805 2255 applicat
819 2181 949 2255 ipsum:

116 2264 167 2325 Sic
181 2266 279 2340 rigido
295 2266 373 2325 latus
389 2281 463 2325 ense
478 2265 555 2325 ierit.
588 2265 758 2324 Podalirius
774 2265 900 2339 Alsum,

114 2348 270 2423 Pastorem
286 2351 445 2424 primaque
460 2349 526 2408 acie
542 2365 596 2424 per
609 2349 669 2408 tela
683 2356 831 2419 ruentem,
1042 2364 1090 2417 305

114 2430 197 2492 Ense
210 2448 346 2508 sequens
359 2434 442 2493 nudo
458 2432 701 2508 superimminet3
723 2433 774 2491 ille
789 2434 897 2493 securi

114 2516 248 2576 Advorsi
262 2517 391 2575 frontem
405 2517 536 2577 mediam
549 2523 743 2590 mentumque
757 2516 892 2577 reducta

113 2598 240 2672 Disiicit,
256 2606 287 2658 et
300 2616 410 2675 sparso
426 2602 485 2661 late
498 2602 576 2675 rigat
590 2590 674 2660 a’rma
688 2616 807 2675 cruore.

116 2682 173 2743 Olli
187 2683 265 2743 dura
280 2685 366 2757 quies
382 2686 488 2744 oculos
503 2691 534 2744 et
548 2686 663 2744 ferreus
679 2691 766 2758 urget

115 2767 258 2842 Somnus,
273 2767 303 2825 in
320 2776 473 2828 aeternam
488 2769 668 2829 clauduntur
682 2768 796 2827 lumina
808 2775 949 2829 noctem.
1038 2782 1088 2837 310

113 2853 155 2911 nt
168 2851 239 2928 pius
253 2853 376 2911 Aeneas
392 2853 531 2911 dextram
545 2852 689 2913 tendebat
703 2852 851 2911 inermem

112 2935 232 2996 Nudato
248 2936 357 3010 capite,
372 2944 465 3012 atque
479 2952 555 2997 suos
570 2937 703 2997 clamore
716 2934 867 2995 vocabam

111 3019 200 3094 „Quo
214 3019 310 3090 mitis,
326 3036 446 3093 quaeve
460 3021 520 3081 ista
532 3016 646 3096 repens
661 3019 820 3080 discordia
833 3022 959 3098 surgite

112 3101 157 3177 „0
173 3102 313 3164 cohibete
326 3103 404 3163 iras!
427 3105 522 3165 ictum
536 3105 597 3179 iam
611 3105 723 3165 ioedus
738 3111 768 3165 ct
782 3119 895 3167 omnes

112 3185 328 3262 „compositae
340 3188 441 3262 legesz
463 3189 536 3249 mihi
549 3189 598 3250 ius
613 3204 797 3251 concurrere
811 3192 889 3251 soli:
1033 3202 1081 3257 315

112 3268 183 3344 „Me
197 3270 297 3345 sinite,
313 3279 405 3347 atque
419 3273 535 3333 auferte
548 3278 658 3335 metus.
689 3276 755 3351 Ego
771 3276 904 3337 loedere
918 3276 994 3339 faxo

112 3350 232 3426 „Firma
244 3370 350 3414 mauu:
372 3356 503 3417 Turnum
516 3356 631 3419 debent
643 3360 720 3420 haec
736 3360 800 3420 iam
812 3360 888 3421 utibi
903 3364 1025 3423 sacro}⁴

110 3434 176 3499 lias
190 3434 803 3517 iuterroceamedtaiutertattanertu,
874 3478 878 3485 -
