2326 3780
130 156 193 222 lot)
401 154 435 215 Ρ.
455 153 618 215 VlRGlLll
637 152 812 215 MARONIS

131 308 396 384 „Laomedonteae
410 308 506 369 sentis
520 306 655 383 periuria
668 306 789 381 gentis?

130 392 231 470 „Quid
244 399 328 451 tomt
350 391 423 453 Sola
437 393 511 467 suga
525 398 633 452 nautas
649 389 817 449 comitabor
831 394 970 461 ovantes,

131 480 199 552 „An
213 476 314 555 Tyriis
328 477 472 552 omnique
485 492 579 537 rnanu
592 476 629 535 sti
632 482 705 550 pata
716 488 855 534 meorum

130 561 267 637 „inlerar
280 568 318 636 et
335 577 414 637 quos
429 559 557 621 Sidonia
570 560 623 619 vix
634 558 711 620 urbe
726 557 842 633 revelli,
1039 566 1092 621 545

130 646 269 721 „Rursus
284 661 374 721 agam
387 646 498 721 pelago
512 652 543 703 et
556 643 655 703 ventis
671 643 745 703 dare
758 642 829 701 vela
842 640 977 701 iubebot
989 672 1036 684 -

130 729 228 805 „Quin
242 744 371 805 morere,
385 737 419 791 ut
432 728 540 789 merita
554 744 599 799 es,
622 728 767 802 ferroque
781 732 886 786 averte
902 725 1061 787 dolorem!

128 815 204 891 „Tu,
219 814 352 873 lacrimis
367 813 468 873 evicta
480 812 566 886 meis,
585 819 618 871 tu
633 813 731 888 prima
744 812 893 871 furentem

130 898 215 973 „His
231 914 385 973 germana,
399 898 488 957 malls
504 912 624 971 000005,
639 904 732 973 atque
747 894 855 954 oblicIs
869 892 961 953 hosti.

129 982 217 1057 „Non
231 982 316 1043 licuit
327 981 451 1043 thalami
466 987 623 1056 expertem
636 980 704 1041 sine
718 980 843 1039 crimine
856 977 951 1037 vitam
1039 988 1094 1043 550

131 1065 281 1141 „Degere
295 1082 382 1126 more
396 1066 489 1139 ferae,
504 1065 581 1125 tales
596 1080 654 1125 nec
668 1073 793 1140 tangere
808 1069 915 1123 curas!

131 1150 218 1222 „Non
233 1158 356 1209 servata
369 1150 458 1224 fides,
474 1149 568 1209 cineri
582 1150 737 1224 promissa
752 1146 908 1224 Sychaeo!
918 1150 938 1181 “

130 1235 243 1293 Tantos
259 1234 312 1293 illa
325 1251 383 1294 suo
398 1234 559 1310 rumpebat
572 1242 698 1308 pectore
713 1239 851 1307 questus.

172 1318 295 1377 Aeneas
310 1319 394 1379 celsa
408 1319 439 1378 in
453 1318 561 1394 puppi,
576 1317 637 1377 ianr
651 1325 752 1378 certus
767 1316 869 1391 eundi,

131 1400 281 1475 carpebat
297 1418 433 1477 somnos,
448 1402 542 1463 rebus
558 1402 619 1461 iam
633 1403 690 1462 rite
704 1400 831 1477 paratis.
1038 1410 1091 1461 555

129 1483 207 1543 Huic
223 1501 258 1546 se
272 1486 371 1549 forma
386 1488 436 1547 dei
450 1488 538 1547 vultu
551 1487 709 1548 redeuntis
725 1484 837 1545 eodeni
1152 1484 1154 1489 ’

132 1567 243 1629 Obtulit
256 1571 287 1630 in
303 1573 428 1646 somnis,
445 1586 616 1647 rursusque
629 1570 672 1631 ita
685 1570 755 1630 visa
768 1583 893 1629 monere
908 1576 965 1643 est,

131 1652 239 1713 Omnia
251 1655 403 1717 Mercurio
419 1656 537 1731 similis,
551 1668 724 1729 vocemque
740 1656 936 1729 coloremque

129 1734 167 1797 Et
181 1740 281 1801 crines
296 1741 398 1803 ilavos
413 1749 443 1802 et
455 1740 595 1803 membra
608 1740 725 1801 decora
738 1740 876 1799 iuventa:

130 1823 224 1897 „Nate
240 1825 307 1901 deo,
324 1834 413 1903 potes
428 1827 490 1887 hoc
503 1824 562 1888 sub
577 1841 653 1886 casu
669 1825 781 1885 ducere
797 1840 933 1898 somnos
1040 1830 1093 1885 560

130 1907 222 1981 „Nea
239 1919 361 1983 quaele
376 1912 491 1971 circum
505 1916 586 1971 stent
601 1910 713 1970 deinde
726 1909 871 1985 pericula,
888 1908 997 1981 cernis,

130 1990 292 2067 ‚,l)ernens,
307 2011 365 2055 nec
379 1995 543 2071 Zephyros
558 1995 647 2054 audis
663 1994 781 2069 spirare
795 1994 972 2053 secundos?

129 2074 203 2149 „llla
218 2077 308 2139 dolos
324 2079 486 2153 dirumque
500 2078 589 2139 nelas
604 2079 634 2137 in
649 2086 775 2153 pectore
789 2083 901 2151 versat,

130 2158 240 2233 „Certa
253 2163 339 2234 mori,
354 2162 504 2237 varioque
519 2162 632 2223 narum
646 2161 774 2223 iluctuat
787 2168 884 2221 aestu.

129 2242 216 2317 „Non
228 2245 308 2319 iugis
316 2246 387 2307 hine
398 2261 561 2323 praecepa,
572 2247 645 2306 dum
651 2246 853 2322 praecipitare
863 2252 1024 2320 potestas?
1038 2253 1091 2309 565

131 2327 214 2399 „lam
227 2344 312 2388 mare
325 2330 440 2391 turbari
453 2328 591 2391 trabibus
606 2346 781 2405 saevasque
795 2329 916 2389 videbis

129 2410 308 2484 „collucere
322 2414 417 2491 laces,
432 2415 493 2475 iam
507 2415 627 2474 fervere
640 2415 729 2474 litora
742 2413 884 2488 llanrmis,

129 2492 185 2567 „Si
198 2500 229 2553 te
242 2495 291 2555 his
307 2498 436 2574 attigerit
449 2499 538 2558 terris
553 2500 673 2558 Aurora
686 2504 864 2559 morantem.

132 2576 208 2651 „Eia
222 2594 289 2653 age,
304 2598 413 2657 rumpe
427 2598 547 2643 moras=
569 2581 688 2641 varium
702 2590 732 2642 et
745 2581 889 2643 mutabile
904 2596 1027 2659 semper

131 2658 307 2733 ,‚Femina.“
336 2664 388 2725 Sic
402 2668 482 2726 latus
497 2666 579 2725 nocti
595 2680 630 2725 se
643 2665 805 2727 immiscuit
819 2673 912 2725 atrae.
987 2712 1002 2743 ,
1036 2674 1090 2730 ato

132 2742 209 2805 'l'tun
222 2760 297 2807 vero
311 2749 444 2824 Aeneas,
461 2748 568 2809 subitis
583 2750 744 2811 exterritus
758 2750 883 2827 umbris,

134 2826 262 2905 corripit
277 2847 295 2891 e
309 2849 418 2895 somno
435 2850 549 2908 corpus
564 2835 731 2911 sociosque
746 2836 865 2911 saligam

128 2910 335 2991 „Praecipites
350 2894 482 2992 vrgia,
498 2918 564 2991 viri,
582 2926 612 2979 et
626 2920 776 2980 considite
790 2918 947 2989 transtris;

128 2994 266 3071 „Solvite
280 3002 351 3062 vela
366 3002 431 3062 citit
453 3002 537 3062 Deus
553 3003 676 3064 aethere
690 3006 804 3065 missos
819 3003 857 3063 ab
873 3004 934 3063 alto

126 3078 304 3155 „Festinare
318 3087 422 3161 lugam
435 3092 597 3163 tortosque
611 3087 746 3149 incidere
761 3090 849 3148 lones
1035 3094 1089 3152 575

126 3162 227 3237 „Ecce
241 3168 350 3231 iterum
364 3172 507 3232 stimulat.
536 3170 699 3247 Sequimur
713 3181 751 3246 te,
768 3180 875 3232 sancte
891 3172 1028 3247 deorum,

126 3246 292 3327 „Quisquis
307 3270 351 3330 es,
365 3254 559 3333 imperioque
573 3257 680 3317 iterum
693 3274 837 3333 paremus
853 3262 994 3317 ovantes.

125 3334 242 3409 ,mons
256 3352 276 3398 o
290 3339 495 3416 placidosque
508 3340 608 3415 iuves,
624 3349 654 3401 et
668 3342 771 3403 sidera
786 3342 873 3401 coelo

125 3418 261 3492 „Dextra
275 3425 386 3487 ieras.“
413 3424 504 3499 Dixit,
519 3426 692 3501 vaginaque
707 3426 795 3501 eripit
809 3440 916 3486 ensem
