2326 3780
418 136 638 199 GEORGICON
657 138 732 198 Lm:
744 139 795 199 ill.
1039 135 1083 199 09

130 291 290 368 Unguibus
305 289 455 352 infodiunt
468 291 580 364 fruges,
595 298 776 366 montesque
790 305 847 366 per
860 293 937 352 altos
1029 298 1081 351 535

133 377 279 438 Contenta
293 376 414 435 cervice
427 374 548 433 trahunt
561 374 719 435 stridentia
732 375 877 450 plaustra

131 461 199 521 Non
213 460 302 534 lupus
316 458 444 518 insidias
460 458 598 532 explorat
613 459 704 518 ovilia
719 459 840 532 circum,

131 544 195 604 Nee
208 541 351 618 gregibus
366 549 530 601 nocturnus
545 540 833 603 obambulat-acrior
846 542 929 602 illurn

133 627 210 687 Cura
224 626 355 697 domat-3
377 624 472 685 timidi
487 625 594 684 darnae
610 626 752 701 cervique
767 626 892 701 fugaces

132 711 216 770 Nunc
229 710 366 785 interque
382 724 474 769 canes
489 716 519 769 et
533 709 646 770 circum
659 717 739 770 tecta
752 718 909 784 vagantur.
1028 715 1081 769 540

132 794 194 853 lam
208 793 301 853 marie
315 793 454 853 immensi
468 794 586 867 prolem
600 801 631 853 et
644 810 741 868 genus
755 809 846 853 omne
860 799 1014 855 natantum

130 878 231 937 Litore
245 877 275 937 in
290 884 434 948 extremo,
451 892 506 935 ceu
521 877 668 953 naufraga
682 893 821 953 corpora,
837 876 948 937 fluctus
982 874 985 881 '
1036 942 1039 947 ,

128 959 256 1031 Proluit3
279 960 419 1021 insolitae
434 960 551 1034 lugiunt
562 961 593 1019 iu
607 961 732 1021 flumina
747 961 875 1037 phocae

127 1045 231 1104 interit
245 1052 276 1105 ct
289 1044 390 1104 cruris
405 1046 517 1105 lrustra
530 1044 659 1105 detensa
671 1045 795 1105 latebris

127 1130 254 1204 Vipera,-
268 1135 298 1188 et
311 1127 427 1189 attoniti
442 1128 578 1203 squamis
594 1128 784 1190 adstantibus
798 1128 900 1205 hydri.
1027 1137 1078 1189 ahi

129 1212 210 1287 ipsis
227 1218 275 1272 est
288 1215 342 1271 aar
354 1211 463 1272 avibus
478 1227 539 1271 non
554 1228 681 1286 aequus,
696 1221 726 1273 et
739 1214 810 1271 illae
1018 1278 1022 1287 ,

125 1294 311 1371 Praecipites
326 1296 387 1355 alta
400 1296 493 1355 vitam
508 1295 564 1355 sub
579 1295 660 1355 nube
673 1298 856 1372 relinquunt.
974 1372 977 1378 ,

126 1378 287 1439 Praeterea
301 1380 361 1438 iarn
375 1395 432 1438 nec
447 1379 554 1438 mutari
568 1378 682 1453 pabula
693 1380 794 1452 reiert,

128 1462 353 1538 Quaesitaeque
367 1471 478 1523 nocent
491 1469 588 1531 artes;
611 1478 734 1523 cessere
747 1463 891 1536 magistri,

127 1544 308 1621 Phillyrides
324 1546 435 1605 Chiron
449 1546 735 1621 Amythaoniusque
748 1546 927 1620 Melampus.
1025 1555 1078 1607 55⁰

128 1626 233 1690 Saevit
246 1636 275 1689 et
288 1630 318 1689 in
332 1631 432 1691 lucem
446 1629 561 1704 Stygiis
577 1630 692 1689 emissa
703 1629 835 1689 tenebris

129 1710 242 1772 Pallida
254 1712 418 1788 Tisiphone
432 1712 559 1773 Morbos
573 1713 635 1787 agit
649 1721 719 1773 ante
731 1714 914 1787 Metumque,

127 1792 224 1871 Inque
236 1796 304 1877 dies
317 1796 441 1857 uvidum
456 1811 585 1870 surgens
600 1805 691 1871 eaput
705 1798 794 1857 altius
809 1795 904 1856 effert

125 1878 234 1941 Balatu
247 1895 392 1957 pecorum
406 1888 437 1941 et
450 1880 565 1941 crebris
579 1881 741 1955 mugitibus
757 1896 861 1941 amnes
896 1934 899 1939 .

123 1966 318 2041 Arentesque
332 1971 444 2025 sonant
455 1965 542 2039 ripae
555 1966 712 2039 collesque
728 1965 839 2039 supini.
1023 1970 1077 2025 555

123 2046 250 2122 Iamque
263 2049 438 2111 catervatim
453 2049 506 2109 dat
518 2056 650 2124 stragem
665 2057 756 2123 atque
771 2055 895 2123 aggerat
909 2046 985 2123 ipsis

123 2131 159 2191 ln
174 2130 301 2192 stabulis
314 2133 392 2208 turpi
408 2133 529 2208 dilapsa
543 2134 695 2193 cadavera
709 2133 789 2205 tabo,

121 2213 230 2275 Donec
243 2215 335 2276 humo
349 2223 452 2291 tegere
466 2230 503 2275 ac
517 2217 616 2277 lovois
631 2216 822 2277 abscondere
837 2215 966 2275 discunt.
1005 2242 1008 2246 ·

86 2320 90 2325 ·
121 2298 200 2359 Nam
212 2312 313 2374 neque
326 2307 392 2359 crat
404 2300 497 2361 corin
512 2318 596 2374 usus,
611 2316 668 2359 nec
683 2301 804 2359 viscera
818 2300 980 2375 quisquam

121 2384 185 2455 Aut
198 2382 289 2443 undis
304 2382 426 2445 abolere
440 2390 542 2460 potest
556 2392 608 2444 aut
621 2385 744 2443 vincere
758 2382 889 2443 ssannna.
966 2426 969 2431 -
1022 2391 1076 2445 560

121 2466 167 2525 Ne
180 2467 309 2527 tondere
324 2467 447 2541 quidem
461 2468 567 2527 morbo
581 2468 747 2542 illuvieque
761 2483 872 2542 peresa

120 2548 247 2609 Vellera
260 2565 317 2610 nec
331 2551 409 2611 telas
422 2560 553 2626 possunt
566 2553 712 2625 attingere
727 2559 847 2626 putres;
974 2612 977 2625 ,

121 2632 236 2692 Verum
250 2634 341 2695 etiam
354 2634 472 2695 invisos
488 2635 515 2694 si
530 2636 599 2709 quis
613 2642 742 2695 tentarat
756 2635 893 2707 amictus,
1013 2678 1016 2683 -

120 2717 273 2779 Ardentes
290 2718 422 2795 papulae
436 2723 527 2793 atque
543 2719 713 2778 immundus
729 2719 841 2779 olentia
854 2717 950 2779 sudor

120 2799 257 2860 Membra
271 2800 464 2877 sequebatur,
478 2816 536 2861 nec
551 2802 642 2877 longo
658 2802 768 2861 deinde
782 2800 910 2875 moranti
1013 2806 1072 2865 aba

119 2883 269 2960 Tempore
284 2893 441 2947 contactos
455 2891 538 2945 artus
553 2900 641 2947 sacer
655 2885 734 2961 ignis
749 2886 870 2947 edebat.

492 3188 685 3205 ..ιιι-...ιη
745 3180 750 3189 “
766 3198 769 3203 .
