2326 3780
125 156 171 225 72
397 155 429 213 l‘.
450 154 609 215 vnteltll
629 154 803 214 amnonis

125 309 256 371 Auditur
270 310 382 368 tractos
397 307 516 368 sonitus
530 307 643 365 imitata
656 304 811 374 tubarums

124 395 199 453 'lum
212 393 349 467 trepidae
363 394 442 451 inter
454 406 490 450 se
504 395 614 449 coeunt
627 388 800 464 pennisque
812 398 985 463 coruscant,

126 477 311 552 Spiculaque
325 482 476 535 exacuunt
488 475 605 546 rostris,
621 480 786 548 aptantque
800 475 939 549 tarenos,

125 562 163 620 Et
177 562 258 619 eirca
271 576 375 635 regem
388 567 482 632 atque
496 559 567 634 ipsu
580 557 732 634 praetoria
745 558 862 619 densoe
1039 564 1074 621 ts

125 645 297 715 Miscentur,
313 642 493 717 magnisque
506 648 618 703 vocant
631 641 817 700 rianioribus
829 640 987 712 hostem-3

125 728 205 803 Ergo
219 727 281 798 ubi,
297 734 471 786 vernucias
486 725 596 787 sudum
611 739 799 799 camposque
812 730 960 800 putentes,

124 812 294 886 Erumpunt
307 810 412 885 portis,
426 809 621 881 concurritur,
637 808 760 867 aethere
773 809 803 867 in
818 810 880 868 alto

125 895 172 954 Fit
185 895 312 965 sonitus,
327 908 469 967 magnum
484 893 595 953 mixtae
607 893 812 966 glomerantur
825 893 855 951 in
868 892 985 966 orbem,

125 978 371 1053 Praecipitesque
383 978 584 1035 cadunt-non
598 974 723 1035 densior
736 979 807 1035 aire
820 978 947 1050 grando,
1039 988 1077 1042 so

126 1063 188 1121 Nec
202 1063 241 1121 de
255 1075 405 1120 concussa
418 1067 532 1119 mutum
545 1061 621 1134 pluit
633 1060 703 1119 ilice
714 1061 873 1134 glandis-3

127 1146 190 1221 lpsi
203 1160 259 1220 per
273 1144 390 1202 inedias
405 1144 496 1215 acies,
511 1143 681 1217 insignibus
695 1144 762 1215 aiis,

127 1230 267 1302 ingentes
282 1227 400 1287 animos
415 1236 544 1302 angusto
559 1228 589 1286 in
604 1235 729 1301 pectore
741 1235 874 1298 versant,

127 1312 235 1387 Usque
248 1310 328 1370 adeo
343 1310 446 1369 obnixi
461 1327 522 1370 non
538 1312 656 1381 cedere,
673 1313 745 1371 dum
757 1313 861 1386 gravis
875 1310 1000 1372 auidos

127 1400 189 1455 Aut
202 1395 260 1454 hos
276 1410 367 1454 versa
380 1396 453 1469 luga
467 1399 565 1456 victor
578 1396 653 1454 dare
666 1404 751 1469 terga
765 1395 898 1470 subegitz
1039 1404 1077 1458 85

127 1479 166 1539 Hi
181 1486 279 1538 motus
295 1478 462 1539 animorum
476 1488 570 1554 atque
582 1480 659 1538 haec
674 1479 838 1537 ceramina
849 1487 933 1538 nuta

127 1562 264 1622 Pulveris
278 1562 379 1637 exigui
394 1563 473 1623 iaetu
487 1578 666 1638 compressa
681 1563 850 1638 quiescunt

127 1646 242 1706 Verum
254 1646 306 1707 ubi
317 1647 460 1706 ductores
474 1648 540 1706 acie
554 1646 749 1707 revocaveris
762 1646 862 1719 ambo,

128 1729 267 1791 Deterior
281 1730 333 1805 qui
345 1732 442 1803 visus,
457 1746 535 1803 eum,
550 1747 590 1790 ne
605 1731 754 1804 prodigus
768 1729 856 1801 obsit,

128 1814 214 1874 Dede
228 1815 313 1886 neci;
334 1815 441 1874 melior
455 1830 552 1874 vacue
566 1816 633 1873 sine
647 1821 753 1889 regnet
766 1814 796 1872 in
810 1815 889 1873 unia.
1041 1823 1078 1877 9⁰

129 1899 213 1957 Alter
227 1899 282 1957 erit
295 1900 421 1958 maculis
435 1914 509 1957 auro
523 1898 734 1971 squalentibus
748 1898 880 1957 ardens·
892 1918 905 1939 ·-

129 1981 204 2041 Nam
218 1982 278 2041 duo
294 1989 363 2040 snnt
377 1996 524 2055 genera-2
545 1982 594 2039 hic
608 1982 723 2052 melior,
739 1981 868 2056 insignis
882 1988 913 2041 et
925 1996 988 2055 ore,

129 2064 166 2124 Et
178 2065 275 2125 rutilis
289 2065 389 2123 clarus
404 2065 557 2137 squamis3
579 2064 629 2123 ille
644 2065 787 2125 horridus
799 2066 876 2124 alter

129 2147 262 2221 Desidia,
280 2149 432 2219 latamque
445 2148 568 2207 trahens
582 2148 729 2222 inglorius
743 2151 855 2208 aivum.

129 2232 168 2290 Ut
181 2231 270 2290 binae
284 2246 388 2304 regum
404 2231 507 2303 iacies,
523 2232 564 2291 ita
576 2246 709 2308 corpora
721 2232 836 2309 plebis=
897 2258 900 2263 ·
1041 2241 1078 2295 95

129 2314 265 2388 Namque
279 2313 357 2373 aliae
370 2321 476 2390 turpes
489 2312 620 2391 horrent,
636 2330 694 2377 ceu
707 2318 835 2393 pulvere
848 2315 964 2376 abdito

131 2397 226 2470 Quum
239 2398 321 2457 venit
333 2406 364 2457 et
377 2399 461 2458 sicco
474 2407 586 2459 terram
600 2400 682 2476 spuit
694 2416 750 2461 ore
762 2401 862 2460 viator
949 2420 952 2427 ·

129 2481 260 2550 Aridum
283 2482 402 2542 elucent
414 2484 493 2544 uliae
506 2491 537 2544 et
550 2484 668 2559 fulgore
682 2492 855 2560 comscant,
961 2498 964 2505 ’

129 2564 280 2624 Ardentes
295 2581 369 2627 auro
384 2575 415 2627 et
429 2568 554 2642 paribus
567 2568 620 2627 lita
633 2582 766 2643 corpora
777 2570 880 2643 guttis.
894 2572 897 2577 '

129 2648 213 2707 Hace
226 2649 327 2723 potior
339 2651 483 2721 subolem
503 2651 574 2710 hinc
589 2651 667 2710 coeli
678 2658 818 2727 tempore
832 2658 915 2711 certo
1026 2662 1080 2714 loo

129 2732 235 2791 Dulcia
248 2734 338 2793 mella
350 2750 480 2809 premes,
495 2750 553 2794 nec
566 2742 680 2794 tantum
693 2736 803 2807 dulcia,
819 2742 963 2810 quantum

129 2815 167 2876 Et
179 2816 295 2891 liquida
308 2825 339 2877 et
351 2818 461 2878 durum
474 2818 587 2879 Bacchi
601 2818 751 2879 domitura
764 2834 916 2895 saporem.
953 2846 956 2851 ·

170 2902 211 2973 At
226 2918 316 2976 quum
331 2902 445 2961 incerta
457 2902 565 2961 volunt
577 2904 727 2978 coeloque
740 2903 882 2962 examina
895 2902 1017 2974 ludunt,-

132 2985 391 3059 Contemnuntque
405 2987 494 3044 tovos
510 2990 542 3044 ct
554 2986 664 3060 frigida
677 2994 758 3046 tecta
771 2987 961 3062 relinquunt3

130 3067 290 3129 instabiles
303 3068 422 3128 animos
437 3068 511 3128 ludo
524 3069 703 3143 prohibebis
717 3070 808 3131 inani.
874 3098 877 3103 ·
1026 3080 1079 3132 loo

130 3150 193 3211 Nec
205 3167 333 3227 magnus
348 3151 510 3226 prohibere
523 3152 624 3211 labor:
645 3158 678 3212 tu
692 3155 816 3228 regibus
830 3154 897 3213 nias

129 3233 237 3310 Eriper
252 3250 315 3293 non
327 3232 387 3294 iilis
402 3235 564 3310 qnisquam
578 3238 792 3298 cunctantibus
804 3240 897 3298 altum

130 3318 177 3377 ire
191 3317 248 3376 iter
259 3322 313 3377 ant
324 3319 434 3378 eastris
447 3319 570 3380 audebit
582 3322 696 3381 vellere
710 3322 810 3396 signa.

129 3400 258 3461 Invitent
272 3400 389 3461 croceis
402 3402 540 3465 halantes
555 3404 684 3465 floribus
697 3402 787 3465 horti.
