2326 3780
365 142 679 201 INTRODUGTIO.
959 144 1013 201 XV

54 300 124 356 tiam
136 298 276 367 Hieriam,
289 296 319 352 L.
334 295 413 352 Varii
428 310 561 367 uxorem,
581 296 714 365 indicari,
743 312 863 367 quacum
877 296 1013 369 Virgilius

57 383 226 440 adulterium
239 380 382 437 admiserit
395 385 423 436 et
436 381 482 435 oui
495 380 642 453 Thyesten
656 380 831 452 tragoediam
853 398 871 435 a
889 396 922 435 se
942 382 1012 437 scri-

54 474 135 542 ptam
150 466 224 521 dono
239 464 362 535 dederit,
378 480 462 536 quam
473 452 649 537 tragoediam
663 468 763 535 postea
776 463 880 519 Varius
893 480 946 536 pro
960 480 1013 521 sua

57 550 240 609 vendidisset.
272 544 305 607 v.
314 546 451 621 Pompon.
465 546 532 605 Sab.
547 549 587 603 ad
599 548 634 603 Ε.
650 548 683 603 IL
699 542 749 607 14.
764 546 917 603 Weichart.
931 549 967 605 dc
978 548 1012 605 L.

63 634 146 692 Varii
161 640 188 690 et
205 630 294 691 coar
311 634 409 690 Porm.
430 636 523 706 vitup.
538 630 589 693 93.
604 648 666 703 sqq.
681 632 818 704 Virgilius
836 632 884 688 ubi
898 648 1014 688 carmen

58 717 114 774 hoc
135 718 241 775 liomae
264 718 352 774 edidit
372 718 583 789 Octavianoque
602 716 733 784 tradidit,
760 716 790 771 in'
809 731 911 789 agrum
930 732 1013 771 suurn

58 802 177 859 rediisse
190 802 318 872 videtur,
340 819 377 859 ex
397 818 453 873 quo
467 808 561 858 tamen
575 802 670 873 paullo
685 806 749 871 post
762 800 863 856 iterum
878 800 1013 873 expulsus

57 892 107 943 est.
147 884 247 942 Mense
260 887 407 943 Decembri
421 887 515 943 medio
529 887 559 941 L.
574 886 727 953 Antonius,
749 885 794 941 eui
804 884 839 940 P.
853 884 1012 952 Ventidius,

55 970 170 1027 Asinius
191 962 279 1026 Pollio
301 976 329 1026 et
347 972 377 1026 L.
398 970 538 1027 Munatius
558 971 693 1047 Plancus,
723 968 760 1023 Μ.
780 968 895 1025 Antonii
914 968 1012 1036 duces,

56 1057 158 1111 trustra
178 1071 345 1111 succurrere
359 1055 540 1125 studuerunt,
568 1054 597 1109 in
610 1053 726 1126 oppido
746 1052 863 1109 Perusia
884 1053 1011 1109 inclusus

56 1141 248 1210 obsessusque
258 1144 322 1209 -est,
339 1145 367 1196 et
381 1156 446 1196 eum

117 1225 219 1278 Anno
235 1219 402 1293 714.,··cn.
422 1222 577 1279 Domitio
598 1221 752 1281 Calvino
771 1220 806 1279 ll.
829 1220 860 1278 C.
880 1220 1013 1277 Asinio

55 1306 225 1362 Pollione
240 1324 349 1376 cosa,
371 1306 540 1365 Octavianus
554 1309 627 1363 lame
643 1307 750 1379 eoegit,
774 1312 805 1361 ut
819 1323 847 1362 a.
861 1305 893 1362 d.
907 1305 956 1359 lV.
969 1303 1012 1360 ld.

56 1390 171 1445 Martias
192 1405 255 1445 curn
269 1392 400 1447 militibus
420 1391 581 1462 oppidoque
597 1408 629 1446 se
644 1391 772 1446 dederet.
814 1408 844 1447 v.
857 1389 1011 1444 Drumann.

58 1474 76 1527 l.
92 1488 117 1526 c.
128 1488 157 1540 p.
172 1467 245 1529 408.
260 1487 323 1540 sqq.
348 1474 428 1527 Bello
443 1478 535 1527 autem
548 1474 684 1528 Perusino
700 1476 826 1529 conlecto
842 1473 1013 1529 Octavianus

59 1552 253 1608 Maecenatem
266 1550 385 1609 Romam
402 1555 522 1623 remisit,
548 1555 587 1609 Μ.
601 1554 774 1628 Agrippam,
796 1556 844 1626 qui
862 1556 918 1612 hoc
939 1571 1013 1611 anno

59 1638 222 1692 Praeturam
236 1638 324 1709 gessit
338 1643 421 1708 atque
435 1652 534 1693 mense
553 1638 621 1693 lulio
636 1639 744 1694 Romae
765 1640 848 1694 ludos
867 1639 1014 1710 Apollina-

60 1737 107 1777 res
123 1720 271 1792 splendide
285 1738 319 1777 ac
339 1720 489 1801 magnifice
510 1719 607 1778 habuit
628 1724 668 1792 [v.
683 1722 759 1778 Frid.
774 1721 917 1777 Wilhelm.
932 1718 1014 1777 Som-

58 1820 153 1861 merus
167 1806 196 1860 in
210 1805 349 1861 dissertat.
365 1806 401 1862 dc
412 1802 598 1880 rsssxpnppa
611 1807 724 1878 Lipsiae
739 1822 767 1861 a.
783 1805 875 1865 1717.
891 1800 923 1865 4.
938 1804 1014 1861 edita
1046 1818 1050 1823 ·

57 1906 86 1963 p.
103 1886 133 1949 b.
150 1890 223 1961 sq.],
251 1905 315 1947 curn
335 1891 461 1946 exercitu
475 1892 569 1959 misit,
590 1897 621 1946 ut
633 1891 787 1946 Munatium
800 1891 935 1946 Plancum
947 1890 1012 1945 Ful·

57 1975 189 2044 viamque
206 1989 269 2029 eum
284 1968 407 2031 exercitu
424 1972 477 2048 p'e'r
490 1976 633 2031 Umbriam
652 1975 829 2047 aufugientes
846 1980 930 2046 atque
942 1974 1012 2031 iude

56 2059 86 2113 in
100 2057 246 2113 Graeciam
260 2058 385 2114 abientes
399 2056 618 2131 persequeretur
631 2061 793 2131 Italiamque
808 2056 916 2115 aSexti
930 2059 1012 2115 Pom·

56 2142 114 2214 peii
127 2142 274 2198 invasione
290 2143 470 2212 defenderet,
496 2144 558 2215 ipse
578 2144 608 2199 in
623 2144 726 2200 Gallias
740 2146 882 2215 proiectus
904 2150 947 2199 eat
960 2143 1012 2199 ibi·

58 2242 128 2297 que,
150 2225 230 2281 Fufio
246 2224 353 2282 Caleno
363 2222 403 2281 M.
417 2226 530 2284 Antonii
545 2228 618 2283 duce
634 2234 758 2297 mortuo,
779 2228 909 2299 legiones
922 2226 1011 2281 Anto·

56 2311 157 2365 nianas
172 2315 255 2381 atque
270 2310 385 2367 Galliam
398 2311 611 2383 Transalpinam
633 2313 686 2369 sibi
703 2312 862 2368 conciliavit
877 2311 1011 2383 [Appiam

55 2394 94 2448 V.
111 2391 163 2454 61.
179 2388 215 2450 st.
230 2392 299 2465 bl’a',
313 2392 455 2452 brocas.
469 2396 589 2451 XLVlll.
606 2394 686 2466 20.],
705 2394 789 2467 atque
803 2394 909 2451 Galliae
924 2393 1012 2450 Cisal·

57 2478 142 2550 pinse
156 2479 287 2534 Alienum
301 2480 408 2535 Varum
423 2497 486 2536 cum
502 2481 626 2536 exereitus
639 2480 790 2552 praefecit,
805 2480 853 2550 qui
869 2479 901 2533 P.
914 2478 1012 2534 Venti-

59 2560 138 2617 dium
156 2567 184 2618 et
196 2563 325 2635 Asinium
338 2564 509 2633 Pollionem,
536 2580 622 2637 agros
635 2562 1012 2633 Venetosliav'ennatesque

59 2662 124 2702 curn
137 2648 225 2720 copiis
239 2647 298 2703 suis
312 2654 455 2715 tenentes,
482 2654 593 2704 arceret
606 2650 738 2720 agrisque
754 2646 914 2705 diuidendis
928 2662 1010 2718 prae·

59 2735 145 2785 esset.
187 2749 216 2788 v.
236 2730 354 2789 Servius
373 2733 413 2788 od
429 2732 465 2787 11.
479 2732 528 2787 -VL
544 2732 574 2793 6.
592 2739 620 2788 et
634 2732 682 2787 Ill.
698 2730 748 2792 10.
765 2738 793 2789 et
806 2732 857 2794 29.
873 2737 902 2788 et
921 2730 1011 2785 Thor-

58 2814 150 2870 beclre
169 2816 205 2873 ds
224 2816 317 2873 Asinio
330 2816 454 2873 Pollione
469 2834 499 2888 p.
516 2815 567 2879 22.
583 2848 586 2853 -
605 2817 636 2871 ln
656 2816 773 2873 munere
794 2830 927 2888 agnorum
941 2813 1012 2869 dirl-

60 2897 218 2955 dendorum
231 2900 323 2955 Varus
344 2902 438 2957 socios
454 2900 551 2957 habuit
563 2900 715 2957 Antonium
728 2901 854 2969 Musam,
879 2912 1012 2969 agrorum

58 2982 249 3054 limitatorem,
278 2991 361 3056 atque
386 2982 545 3041 Cornelium
567 2984 689 3054 Gallum,
717 2985 765 3056 qui
791 2986 825 3039 ab
852 2983 887 3037 iis
907 2981 1013 3038 Galliae

57 3066 280 3140 Transpadanae
304 3069 476 3141 municipiis,
503 3084 622 3140 quorum
642 3069 704 3141 agri
726 3084 782 3124 non
807 3066 1013 3144 dividebantur,
1042 3072 1058 3099 ⁰

56 3152 195 3223 pecunias
210 3154 346 3224 exigeret.
371 3171 400 3209 v.
417 3152 534 3209 Servius
545 3154 585 3210 ad
597 3154 657 3209 lici.
672 3152 719 3207 VI.
735 3145 786 3212 64.
799 3150 884 3207 eth.
895 3152 925 3210 7.
947 3151 1012 3205 Vir-

59 3235 160 3307 gilius,
188 3238 234 3309 qui
255 3252 345 3295 novas
365 3242 564 3295 veteranorum
585 3238 701 3292 iniurias
722 3237 881 3305 metuebat,
905 3235 1013 3290 Varum

57 3322 190 3391 precibus
209 3321 294 3390 adiit,
323 3326 352 3375 ut
372 3337 457 3394 agros
478 3321 645 3377 Mantuanos
669 3320 824 3377 incolumes
838 3336 904 3376 asse
917 3318 1012 3384 vellet,

60 3404 143 3477 eique
156 3422 209 3479 pro
220 3404 275 3463 lios
287 3404 425 3463 beneficio
437 3410 551 3463 carmen
565 3403 686 3477 epicum,
700 3419 756 3477 quo
768 3404 832 3462 eius
842 3405 924 3461 iacta
932 3414 1020 3457 saue-
