2326 3780
96 180 139 247 98
368 180 401 242 Ρ.
423 180 584 241 VlR'GlLII
603 178 777 241 MARONIS

97 334 171 393 Tum
184 346 258 391 vero
273 330 424 408 ingentem
437 333 580 407 gemitum
594 330 646 391 dat
659 339 784 406 pectore
798 333 836 394 ab
852 334 922 405 imo,
998 340 1054 397 485

97 417 137 478 Ut
150 415 258 491 spolia
273 422 306 477 ut
319 432 434 489 currus,
448 422 541 490 utque
555 417 655 491 ipsum
670 431 781 491 corpus
797 417 894 490 amici,

97 500 342 575 Tendentemque
356 515 463 560 manus
476 499 625 560 Priamum
640 502 801 574 conspexit
814 503 956 561 inermes.

99 582 139 645 Se
154 600 277 660 quoque
292 584 479 660 principibus
494 584 675 658 permixtum
689 585 815 658 agnovit
827 584 965 658 Achivis

96 668 240 744 ansque
255 669 338 727 acies
353 674 384 728 et
398 668 474 742 nigri
488 667 657 727 Memnonis
673 683 766 727 arma.

97 751 186 812 Ducit
198 751 419 811 Amazonidum
432 751 541 810 lunatis
557 751 677 824 agmina
690 752 779 826 peltis
999 758 1055 813 teo

81 836 288 896 Penthesilea
302 836 414 908 furens,
429 834 601 908 mediisque
614 835 645 892 in
657 834 788 895 millibus
800 836 894 908 ardet,

104 924 200 980 Aurea
214 918 397 979 subnectens
413 926 552 977 exsertae
566 918 686 992 cingula
699 935 855 994 mammae,

96 1003 249 1075 Bellatrix‚
264 1002 415 1075 audetque
430 1002 502 1061 viris
517 1016 698 1061 concurrere
712 1002 809 1077 virgo.

138 1086 222 1146 Haec
237 1087 307 1145 dum
322 1084 475 1147 Dardanio
488 1087 614 1144 Aeneae
630 1086 766 1145 miranda
781 1087 928 1160 videntur,
979 1099 982 1103 ·

97 1169 176 1229 Dum
190 1176 292 1244 stupet
306 1168 470 1242 obtutuque
484 1167 589 1228 haeret
602 1169 722 1228 defixus
737 1170 768 1228 in
783 1185 861 1240 uno;
999 1176 1055 1232 tas

97 1252 215 1327 Regina
228 1252 268 1312 ad
282 1252 434 1327 templum,
450 1253 547 1311 torma
561 1250 763 1327 pulcherrima
776 1253 865 1327 Dido,

97 1337 234 1409 Incessit,
249 1351 359 1410 magna
372 1336 515 1395 iuvenum
530 1337 660 1411 stipante
675 1343 805 1396 caterva.

98 1419 200 1494 Qualis
215 1420 245 1479 in
260 1419 390 1480 Eurotae
405 1420 479 1494 ripis
494 1427 545 1480 aut
559 1436 615 1495 per
629 1421 700 1495 iuga
715 1419 823 1496 Cynthi

97 1504 228 1563 Exercet
241 1503 337 1563 Diana
352 1504 473 1575 choros,
491 1521 580 1579 quam
594 1505 675 1563 mille
690 1511 813 1563 secutae

97 1587 174 1646 Hinc
189 1594 280 1663 atque
291 1588 361 1647 hinc
373 1589 576 1662 glomerantur
587 1587 789 1660 Oreades-illa
800 1587 973 1662 pharetram
998 1597 1055 1652 500

97 1670 168 1730 Fert
180 1671 316 1744 humero,
331 1672 536 1746 gradiensque
551 1672 626 1738 deas
641 1672 847 1747 supereminet
860 1686 986 1743 omnes3

97 1754 232 1815 Latonae
246 1756 367 1816 tacitum
381 1763 551 1830 pertentant
565 1756 677 1830 gaudia
691 1763 824 1830 pectus-3

97 1838 178 1898 Talis
193 1846 258 1899 erat
271 1840 358 1910 Dido,
373 1840 464 1900 talem
479 1855 513 1898 se
528 1841 607 1898 laeta
621 1839 737 1899 lerebat

97 1921 154 1982 Per
167 1924 296 1997 medios,
311 1924 427 1983 instans
444 1923 529 1998 operi
544 1923 707 1997 regnisque
722 1922 839 1982 suturis.

98 2006 171 2066 Tum
185 2007 300 2067 loribus
316 2007 414 2080 divae,
430 2006 531 2065 media
544 2007 695 2065 testudine
709 2006 822 2081 templi,
999 2017 1056 2071 505

99 2089 193 2165 Septa
207 2091 308 2164 armis,
325 2090 466 2164 solioque
480 2090 540 2148 alte
555 2088 694 2162 subnixa,
709 2090 833 2149 resedit.

97 2174 167 2234 Iura
181 2174 272 2233 dabat
286 2173 434 2247 legesque
447 2172 530 2245 viris,
547 2189 734 2248 operumque
748 2173 884 2233 laborem
931 2176 935 2183 '

97 2256 235 2316 Partibus
250 2256 402 2331 aequabat
414 2256 502 2316 iustis
518 2264 569 2317 aut
583 2264 665 2325 sorte
680 2257 832 2316 trahebat:

99 2339 194 2414 Quum
209 2339 308 2400 subito
323 2342 445 2400 Aeneas
461 2355 612 2401 concursu
626 2336 774 2399 accedere
788 2355 898 2416 magno

97 2422 218 2483 Anthea
232 2423 468 2499 Sergestumque
481 2424 565 2484 videt
579 2425 749 2497 fortemque
765 2423 944 2495 Cloanthum
999 2435 1058 2490 510

99 2507 345 2583 Teucrorumque
360 2507 447 2581 alios,
464 2515 528 2567 ater
543 2523 622 2583 quos
637 2522 772 2582 aequore
785 2507 872 2567 turbo

97 2589 271 2664 Dispulerat
285 2592 467 2667 penitusque
482 2592 558 2651 alias
574 2582 723 2650 avexerat'
733 2607 813 2673 oras.

100 2672 261 2749 Obstupuit
275 2675 363 2735 simul
378 2676 455 2750 ipse,
471 2675 559 2735 simul
573 2689 740 2751 percussus
754 2675 888 2736 Achates

97 2757 285 2845 Laetitiaque
299 2767 456 2833 metuque:
478 2757 560 2818 avidi
576 2759 761 2834 coniungere
777 2760 900 2820 dextras

97 2841 270 2912 Ardebant;
294 2844 351 2903 sed
365 2859 415 2903 res
431 2842 549 2903 animos
564 2843 719 2921 incognita
732 2843 841 2903 turbat.
1001 2852 1057 2906 515

97 2925 303 3000 Dissimulant,
321 2935 350 2988 et
365 2926 445 2986 nube
460 2942 537 2986 cava
553 2928 750 3003 speculantur
764 2925 874 2998 amicti,

99 3009 182 3084 Quae
198 3012 317 3071 lortuna
331 3011 415 3083 viris,
432 3012 563 3071 classem
575 3026 636 3087 quo
651 3011 738 3071 litore
753 3011 898 3087 linquant,

99 3093 177 3168 Quid
191 3095 315 3155 veniant
328 3095 442 3157 cuncti=
465 3111 534 3154 nam
548 3096 618 3156 lecti
632 3095 761 3156 navibus
776 3094 868 3168 ibant

100 3176 226 3259 Orontes
242 3180 370 3253 veniam,
387 3186 417 3239 et
430 3180 575 3254 templum
590 3181 721 3240 clamore
736 3177 889 3254 petebant.

97 3259 263 3337 Postquam
278 3263 455 3339 introgressi
470 3269 500 3322 et
515 3278 620 3325 coram
633 3264 703 3323 data
718 3263 808 3337 copia
823 3259 923 3332 landis
999 3270 1058 3325 oto

98 3343 249 3406 Maximus
264 3349 396 3408 llioneus
410 3347 533 3422 placido
549 3348 594 3407 sic
607 3354 732 3423 pectore
747 3346 862 3421 coepitt

98 3427 142 3504 „0
156 3431 269 3507 regina
284 3442 396 3493 novam
410 3431 459 3494 eui
474 3431 607 3491 condere
621 3430 734 3505 iupiter
748 3425 854 3491 urbem
