2326 3780
124 181 190 246 sm
287 189 303 195 ”
318 187 331 194 ”
401 179 435 239 Ρ.
455 178 619 240 VIRGILII
638 178 835 245 MARONIS

122 336 268 411 ingruere
282 333 421 395 inlensos
435 333 551 404 hostes,
568 337 598 391 et
610 331 708 392 Marte
724 336 883 397 secundo

125 418 233 480 Omnia
248 419 444 495 corripuisse,
460 423 573 475 metum
586 415 647 475 iam
661 418 704 476 ad
717 421 859 481 moenia
874 423 965 483 lerri.
1061 434 1103 488 lut

124 504 179 563 ille
194 504 298 562 furens
313 536 326 546 ·
341 510 371 563 et
384 517 481 562 saeva
493 501 577 560 Iovis
591 500 638 559 sic
652 502 783 563 numina
796 518 952 580 poscunt
963 542 977 552 ·

125 587 246 647 Deserit
261 587 410 649 obsessos
425 586 531 659 colles,
546 599 673 644 nemora
686 600 807 662 aspera
821 591 958 668 linquit.

125 671 186 731 Vix
202 687 220 730 e
235 678 403 747 conspectu
416 670 534 730 exierat
546 684 755 744 campumque
769 675 919 752 tenebat,
1152 732 1155 737 .

126 756 225 831 Quum
239 762 326 831 pater
339 758 472 829 Aeneas,
488 754 582 813 saltus
597 754 760 828 ingressus
775 768 929 835 apertos,
1150 746 1155 795 ¹

124 840 360 915 Exsuperatque
373 841 476 917 iugum
490 836 631 912 silvaque
644 840 750 900 evadit
765 856 887 916 opaca.
1059 855 1100 909 toa

127 923 178 984 Sic
193 923 283 984 ambo
298 924 340 984 ad
353 939 457 984 muros
471 921 572 997 rapidi
585 928 711 997 totoque
725 924 875 987 feruntur

125 1009 264 1084 Agmine,
280 1024 336 1067 nec
352 1009 452 1082 longis
466 1007 544 1066 inter
557 1021 593 1065 se
607 1007 753 1082 passibus
768 1010 902 1074 absunt
933 1056 938 1063 .

125 1096 174 1151 Ac
188 1092 276 1152 simul
291 1094 414 1151 Aeneas
430 1093 580 1150 fumantes
595 1091 721 1166 pulvere
736 1107 874 1169 campos

125 1175 288 1251 Prospexit
302 1176 401 1250 longe,
415 1174 641 1249 Laurentisque
656 1176 778 1249 agmina
791 1179 894 1253 vidit,

124 1259 304 1318 Etsaevum
316 1261 444 1318 Aenean
459 1258 584 1334 agnovit
599 1258 718 1319 liunus
733 1260 893 1339 inarmis,
1055 1276 1100 1329 910

125 1342 490 1419 Adventumquepedum
504 1341 657 1417 flatusque
671 1345 789 1406 audivit
802 1363 981 1424 equorum.

127 1426 339 1502 Continuoque
352 1428 456 1487 ineant
472 1442 593 1502 pugnas
609 1433 643 1486 et·
651 1428 770 1502 proelia
783 1437 918 1506 tentent,

126 1510 163 1569 Ni
176 1514 286 1571 roseus
302 1512 405 1572 sessos
420 1512 480 1571 iarn
495 1511 612 1584 gurgite
625 1509 768 1573 Phoebus
783 1514 906 1587 Hibero

126 1594 233 1670 Tingat
246 1610 344 1669 equos
358 1603 541 1669 noctemque
556 1594 607 1653 die
620 1592 740 1656 labente
753 1598 898 1661 reducat

89 1731 93 1737 .
128 1678 296 1740 Considunt
310 1681 418 1741 castris
433 1687 504 1740 ante
517 1677 624 1737 urbem
638 1687 669 1738 et
682 1683 804 1743 moenia
817 1687 956 1746 vallant.
1055 1696 1101 1752 ott
1155 1666 1160 1793 Ξ

370 1885 411 2005 a
437 1937 624 2007 VIRGILII
654 1942 844 2010 Mlucius

276 2062 309 2155 l
366 2062 397 2155 ll
457 2060 489 2156 Ν
550 2062 581 2155 Ε
640 2062 749 2156 lli
812 2062 843 2157 θ
909 2064 939 2161 S

360 2210 501 2291 praua
527 2211 844 2276 occuramus.

125 2348 244 2408 Turnus
259 2355 292 2409 ut
305 2348 451 2410 infractos
467 2350 601 2410 adverso
614 2349 711 2408 Marte
724 2346 852 2406 Latinos

124 2431 286 2492 Delecisse
302 2433 393 2504 videt,
410 2450 466 2494 sua
481 2449 562 2494 nunc
575 2433 731 2511 promissa
744 2431 883 2506 reposci,

127 2512 168 2575 Se
183 2515 297 2590 signari
313 2518 426 2588 oculis;
450 2519 527 2579 ultro
542 2516 743 2593 implacabilis
759 2514 855 2587 ardet,

125 2599 303 2673 Attollitque
318 2601 447 2661 animos.
481 2601 653 2663 Poenorum
668 2600 767 2675 qualis
781 2599 812 2659 in
828 2601 928 2677 arvia,

127 2681 255 2743 Saucius
270 2683 321 2742 ille
334 2686 422 2758 gravi
436 2693 599 2747 venantum
613 2687 739 2745 vulnere
753 2690 874 2759 pectus
1083 2703 1099 2753 5

124 2768 200 2826 Tum
214 2767 336 2827 demum
350 2775 453 2828 movet
467 2786 552 2831 ormo
564 2772 624 2844 leo,
640 2769 814 2845 gaudetque
829 2779 1000 2833 comantes

124 2850 289 2911 Excutiens
306 2852 425 2911 cervice
439 2858 535 2927 toros,
551 2854 707 2929 mumque
722 2851 859 2913 latronis-

123 2935 303 3012 lmpavidus
317 2936 427 3011 trangit
441 2938 542 3012 telum,
559 2945 589 2998 et
602 2938 702 2998 lrcmit
715 2951 770 2997 ore
784 2942 934 2997 cruento:

123 3019 214 3080 Haud
228 3035 319 3080 secus
334 3035 466 3082 accenso
482 3022 582 3097 gliscit
595 3021 740 3083 violentia
752 3020 865 3081 Turno.

123 3102 199 3164 'l'um
213 3104 259 3164 sic
274 3102 383 3165 affatur
396 3122 509 3181 regem,
524 3113 617 3184 atque
631 3108 673 3168 itu
686 3104 826 3166 turbidus
840 3104 925 3165 infit:
1068 3123 1098 3173 to

124 3186 233 3262 „Nulla
246 3200 333 3249 mora
346 3190 376 3248 in
391 3190 509 3259 Turn03
523 3191 605 3251 nihil
620 3197 668 3252 est
682 3189 767 3265 quod
781 3188 865 3249 dicta
877 3201 1051 3255 retractent

123 3270 252 3347 „Ignavi
265 3274 441 3348 Aeneadae,
456 3289 522 3350 nec,
539 3291 619 3351 quae
632 3275 787 3352 pepigere,
802 3283 964 3335 recusent.

122 3352 344 3431 „congredion
379 3357 437 3417 Fer
451 3373 549 3434 sacra,
564 3366 661 3435 pater,
676 3367 706 3420 et
718 3357 849 3433 concipe
864 3358 993 3421 loetlus.

120 3438 208 3519 ,Aut
219 3438 279 3505 huc
292 3438 483 3505 Dardanium
493 3442 605 3504 dextra
615 3444 674 3504 suh
686 3443 811 3511 ,tutuo
824 3442 956 3519 mittam,
