2326 3780
76 147 161 259 'mo
370 188 402 247 n.
424 186 589 248 vmartu
608 186 839 251 mnnoms·

95 345 206 425 „Haud
220 342 353 403 adversa
367 339 467 400 cadat
497 337 560 399 Sed
574 345 607 399 te
622 354 735 417 super
752 344 869 405 omnia
883 342 954 405 dona

96 432 216 508 „Unum
231 441 301 486 oro:
323 425 463 499 genetrix
475 422 587 483 Priami
601 420 647 483 de
662 432 770 499 gente
787 434 915 489 vetusta

96 514 171 590 „Est
185 511 266 584 mihi,
283 524 376 585 quam
389 508 533 569 miseram
546 506 649 567 tenuit
663 524 735 569 non
751 510 817 571 ilia
831 514 922 573 tellus
992 516 1006 567 t

96 598 237 675 „Mecum
253 594 461 667 excedentem,
475 607 539 651 non
552 592 683 651 moenia
698 595 797 669 regis
813 598 957 658 Acestae:

97 683 203 758 „Hanc
218 694 277 753 ego
293 692 375 737 nunc
388 678 526 752 ignaram
538 674 630 735 huius
648 678 896 757 quodcumque
911 679 1004 757 peneto

98 766 213 843 „Inque
228 763 389 823 salutatam
402 761 518 835 linquo,
532 790 577 804 -
588 760 661 819 Nox
675 768 714 821 'ct
727 768 792 823 tua
806 766 901 827 testis

98 850 261 924 „Dextera
278 845 363 922 quod
377 860 529 920 nequeam
541 843 691 904 lacrimas
707 848 865 922 perterre
879 848 994 925 porciu:

98 936 160 1011 „At
173 940 214 1007 tu,
229 946 294 1003 oro,
310 930 413 991 solare
426 930 559 1004 inopem,
574 934 605 987 et
620 944 787 991 succurre
802 935 941 993 relictae.
997 936 1009 988 a

86 1008 204 1094 ⁰„Hanc
219 1016 350 1075 sinemo
364 1029 453 1088 spem
467 1014 548 1071 terre
561 1012 620 1071 tul=
641 1013 826 1075 audentior
842 1017 898 1079 ibo

98 1102 153 1177 „In
169 1116 260 1159 casus
275 1100 415 1158 omncs.“
442 1097 595 1157 Percussa
607 1104 717 1157 mente
734 1098 869 1163 dedere

97 1182 293 1246 Dardanidae
307 1181 459 1257 lacrimas,
474 1188 545 1241 urite
559 1196 668 1241 omncs
685 1184 835 1256 pulcher
849 1187 942 1261 Iulus

97 1270 201 1341 Atque
215 1266 347 1325 animum
361 1266 479 1340 patriae
494 1265 614 1325 strinxit
628 1264 761 1340 pietatis
779 1269 904 1347 imago.

96 1353 173 1411 Tum
189 1350 235 1411 sic
249 1348 375 1411 allatura

98 1434 247 1513 „Sponde
261 1434 354 1509 digna
366 1434 426 1495 tuis
441 1432 615 1509 ingentibus
630 1434 741 1495 omnia
757 1440 909 1515 coeptis=

98 1520 258 1597 „Namque
272 1518 329 1578 crit
343 1518 403 1579 ista
416 1519 490 1577 mihi
504 1518 650 1593 genetrix,
667 1532 865 1597 nomenque
881 1525 994 1585 creusae

99 1602 226 1681 „Solum
240 1602 380 1679 deluerit,
395 1618 454 1663 nec
468 1609 589 1679 partum
601 1602 701 1677 mutia
716 1605 823 1665 talem

100 1688 219 1766 „Parva
232 1694 345 1747 manet
373 1687 471 1747 Casus
486 1688 601 1747 lactum
616 1686 818 1763 quicumque
835 1698 1001 1767 sequentur:

99 1772 177 1851 „Per
191 1779 284 1849 caput
295 1770 356 1832 hoc
370 1770 447 1846 iuro,
462 1786 520 1848 per
534 1770 619 1845 quod
633 1776 724 1846 pater
740 1780 822 1835 ante
840 1777 974 1837 solebat:
1006 1778 1021 1829 l

99 1857 206 1935 „Quae
219 1856 274 1917 tibi
288 1856 439 1932 polliceor
450 1854 557 1915 reduci
571 1852 730 1929 rebusque
747 1862 923 1937 secundis,

99 1942 204 2019 „ilaec
218 1941 328 2001 eadem
341 1940 493 2017 matrique
506 1944 577 2000 tuae
590 1938 767 2014 generique
782 1946 985 2008 manebunt“
1025 1999 1028 2010 .

100 2026 153 2087 Sic
167 2026 209 2085 ait
223 2024 425 2095 illacrimans;
445 2022 574 2083 humem
588 2022 677 2083 simul
692 2024 788 2085 exirit
802 2042 925 2091 ensem

99 2113 258 2184 Auratum,
272 2110 350 2168 mira
365 2122 457 2184 quem
469 2108 585 2167 iecerat
597 2114 662 2167 arte
674 2106 815 2184 Lycaon

102 2194 235 2255 Gnosius
250 2201 343 2269 atque
357 2191 491 2274 habilem
503 2192 618 2267 vagina
630 2198 756 2267 aptarat
771 2194 917 2261 eburna.
1011 2200 1036 2251 h.

100 2279 159 2339 Dat
172 2277 246 2337 Niso
260 2275 439 2337 Mnestheus
453 2276 566 2352 pellem
579 2276 807 2353 horrentisque
822 2282 935 2347 leonis

99 2362 254 2431 Exuvias;
276 2362 397 2436 galeam
410 2360 493 2421 lidus
507 2367 659 2437 permutat
671 2360 799 2424 Aletes.

100 2446 250 2505 Protenus
265 2445 372 2514 armati
386 2445 548 2515 incedunt;
570 2461 650 2520 quos
665 2446 770 2506 omnis
787 2460 911 2515 cuntes

100 2529 270 2589 Primorum
283 2546 393 2590 manus
407 2528 449 2589 ad
463 2536 579 2605 portas,
593 2530 810 2605 iuvenumque
826 2552 1005 2617 sennenque

100 2612 299 2688 Prosequitur
311 2613 404 2674 votis.
430 2614 570 2674 Necnon
584 2619 615 2673 et
628 2612 760 2688 pulcher
769 2618 878 2696 Iulus,
1015 2621 1044 2682 lh

100 2699 183 2757 Ante
197 2712 297 2757 annos
312 2696 509 2772 animumque
522 2713 633 2774 gerens
648 2712 830 2776 curamque
844 2706 981 2782 virilem,

101 2781 197 2842 Multa
210 2781 289 2858 patri
301 2781 446 2842 mandata
461 2782 555 2843 dabat
568 2782 731 2858 portanda.
762 2784 837 2849 Sed
854 2806 956 2853 aurae

101 2864 210 2927 Omnia
224 2865 403 2941 discerpunt
415 2873 447 2927 et
459 2866 592 2929 nubibus
606 2866 690 2926 irrita
704 2866 844 2935 donant.

142 2950 269 3025 Egressi
283 2957 430 3027 superant
444 2951 557 3024 fossas,
573 2951 736 3027 noctisque
752 2970 817 3030 per
832 2961 981 3025 umbram

102 3036 210 3095 castra
223 3035 346 3096 inimica
359 3042 474 3112 petrini,
489 3037 592 3097 multis
606 3044 708 3095 mmen
723 3048 799 3101 ante
817 3043 922 3111 lutun'
1018 3046 1042 3105 ll:

99 3118 211 3179 Exitio.
239 3117 359 3179 Passim
373 3134 482 3180 somno
496 3121 635 3197 vinoque
648 3136 706 3196 per
719 3120 864 3191 herbam

102 3202 239 3280 corpora
252 3204 323 3265 lusa
336 3204 450 3278 vident,
466 3212 603 3265 arrectos
618 3206 707 3267 litore
723 3222 854 3290 currus,

100 3286 182 3345 lntar
195 3288 263 3347 lora
274 3294 424 3363 rotasque
437 3288 532 3365 viros,
547 3290 637 3350 simul
653 3306 738 3350 anna
753 3292 881 3377 iacere,

101 3369 184 3430 Vina
197 3372 297 3431 simul.
325 3370 412 3432 Pn'or
423 3372 608 3452 Hyrtacides
624 3375 669 3434 sic
684 3390 739 3435 ore
754 3376 912 3448 locutus=

103 3452 266 3537 „Euryale
280 3456 460 3519 audendum
470 3458 597 3518 dextrae
615 3474 700 3517 nunc
710 3458 791 3531 ipsa
803 3480 910 3533 uocat
923 3489 983 3537 res.
1019 3468 1046 3530 ὅ
