2326 3780
131 190 196 255 290
397 187 430 248 P.
450 186 612 248 VIRGILII
632 187 826 251 MARONIS

130 345 205 418 „Vir
215 342 353 416 Troiane,
369 339 436 399 sine
447 338 526 398 hano
538 339 678 413 animam,
694 346 726 400 et
736 340 907 405 miserere
918 349 1063 425 precantia·

88 468 94 475 -
128 426 269 488 Pluribus
284 424 381 486 oranti
395 425 533 482 Aeneas=
556 423 666 497 „Haud
680 424 756 482 talia
772 425 909 489 dudum

130 512 236 587 „Dicta
250 509 357 569 dabas.
385 506 515 581 Morere,
529 512 560 565 et
573 507 695 567 fratrem
709 522 753 566 ne
769 508 899 574 desere
915 517 1026 578 irater.“
1040 522 1061 577 tt

130 597 205 656 Tum
219 594 352 655 latebras
367 591 495 665 animae,
510 597 627 666 pectus,
643 606 797 652 mucrone
815 598 971 660 recludit.

129 678 213 738 Talia
227 693 283 754 per
297 691 424 752 campos
439 673 551 734 edebat
565 675 673 734 lunera
689 675 809 736 ductor
914 714 922 731 .

129 762 312 834 Dardanius,
326 759 469 820 torrentis
485 759 648 834 aquaevel
664 758 800 820 turbinis
819 766 886 824 atri

130 846 217 907 More
231 846 348 906 furens.
374 841 510 901 Tandem
524 848 686 917 erumpunt
700 846 732 902 et
746 853 864 907 casira
879 852 1037 929 relinquunt

129 929 282 990 Ascanius
298 942 375 1005 puer
389 931 418 986 et
432 926 640 1001 nequidquam
655 925 794 988 obsessa
811 931 980 997 iuventus.

173 1013 321 1073 lunonem
335 1012 451 1070 interea
465 1011 628 1086 compellat
642 1010 760 1086 Iupiter
773 1014 884 1076 ultroa
1054 1026 1059 1077 l

130 1096 176 1171 „0
191 1111 335 1170 germana
349 1093 422 1152 mihi
437 1100 530 1169 atque
544 1094 652 1153 eadem
665 1095 857 1168 gratissima
872 1104 997 1181 coniux,
1054 1106 1064 1127 *

129 1180 189 1256 „Ut
202 1178 318 1252 rebare,
333 1179 440 1238 Venus
457 1210 469 1219 -
484 1193 541 1237 nec
555 1185 585 1237 te
600 1179 752 1238 sententia
766 1181 855 1243 fallit
869 1216 885 1227 ·

129 1262 294 1339 „Troianas
310 1267 463 1322 sustentat
477 1276 569 1337 opes:
591 1278 653 1322 non
666 1263 775 1323 vivida
789 1264 885 1329 bello
1057 1342 1060 1347 ¹

129 1347 264 1420 „Dextra
276 1346 351 1406 viris
364 1345 547 1421 animusque
561 1346 649 1405 lerox
663 1347 862 1425 patiensque
878 1355 1012 1429 pericli.“
1032 1358 1059 1413 t·

130 1429 184 1490 Cui
198 1431 273 1489 luno
290 1430 459 1489 submissa=
481 1428 589 1504 „Quid
606 1444 624 1489 o
639 1430 858 1505 pulcherrime
874 1439 998 1513 coniux,
1052 1502 1056 1519 ,

128 1512 303 1590 „Sollicitas
318 1528 442 1588 aegram
456 1519 486 1572 et
499 1520 550 1572 tua
563 1513 660 1573 tristia
675 1514 760 1575 dicta
774 1517 969 1583 timentem?
1052 1530 1055 1551 ¹

129 1596 182 1673 „Si
197 1596 279 1670 mihi,
303 1613 382 1673 quae
399 1596 555 1673 quondam
569 1598 675 1673 iuerat,
693 1615 864 1677 quamque
880 1621 956 1668 esse
971 1603 1047 1667 decet·

127 1681 206 1756 „Vis
221 1681 252 1740 in
267 1697 371 1742 amore
384 1681 472 1741 foret.
500 1681 567 1740 Non
581 1680 641 1742 hoe
654 1681 728 1746 mihi
742 1700 891 1763 namque
905 1706 1026 1767 negares

128 1763 360 1841 „Omnipotens
376 1763 449 1840 quin
465 1771 494 1823 et
508 1780 630 1840 pugnae
644 1764 831 1830 subducere
845 1772 991 1851 hunum,
1029 1778 1043 1831 t.

128 1848 185 1924 ‚dit
197 1849 305 1909 Dauno
320 1864 447 1939 possem
461 1848 642 1907 ineolumem
659 1864 788 1911 servare
805 1859 948 1929 parenti.

127 1928 232 2008 „Nunc
247 1939 361 2008 pereat,
375 1933 562 2004 Teucrisque
576 1932 627 2007 pio
643 1933 696 1992 det
710 1939 877 2010 sanguine
891 1957 1011 2017 poenas
1048 2004 1051 2013 ,

128 2015 201 2089 „lile
214 2023 315 2075 tamen
328 2022 436 2075 nostra
449 2015 574 2075 deducit
588 2015 704 2090 origine
717 2034 853 2095 nomen,

126 2097 362 2173 „Pilumnusque
375 2099 418 2158 illi
433 2104 561 2173 quartus
575 2106 670 2173 pater,
688 2107 718 2160 el
731 2108 788 2162 tua
805 2106 903 2182 larga

126 2180 249 2258 „Saepe
262 2186 354 2243 manu
368 2181 531 2256 multisque
545 2183 684 2243 oneravit
698 2184 809 2248 limina
827 2190 958 2253 donis.“
1025 2190 1041 2245 ⁰2·

127 2264 180 2325 Cui
194 2281 250 2326 rex
265 2266 391 2326 aetherii
404 2265 537 2325 breviter
552 2266 597 2326 sio
613 2267 692 2327 latus
709 2266 862 2349 Olympi=

125 2347 179 2424 „Si
193 2365 279 2410 mara
293 2349 464 2426 praesentis
479 2349 529 2409 leti
544 2356 726 2426 tempusque
742 2355 877 2418 caduco

124 2429 255 2506 „Oratur
268 2432 378 2509 iuveni,
394 2447 505 2508 meque
520 2433 579 2495 hoc
593 2434 634 2494 ita
648 2449 768 2508 ponere
784 2444 912 2515 sentis;

124 2515 228 2589 „Tolle
243 2517 316 2590 luga
329 2518 462 2579 Turnum
475 2523 567 2592 atque
580 2516 767 2581 instantibus
784 2525 883 2602 eripe
900 2528 981 2589 latia

124 2598 297 2672 „Hactenus
313 2599 479 2661 indulsisse
494 2607 592 2677 vacat.
621 2600 675 2661 Sin
689 2602 785 2665 altior
799 2607 880 2671 istis
1021 2604 1038 2659 ὓ

123 2672 207 2753 „Sub
222 2682 366 2758 precibus
381 2683 473 2745 venia
486 2684 550 2744 ulla
562 2686 646 2758 latet,
661 2690 833 2765 totumque
847 2696 969 2757 moveri

123 2762 292 2839 „Mutarive
307 2772 397 2841 putas
410 2765 539 2836 bellum;
562 2783 636 2843 spes
650 2769 760 2844 pascis
774 2773 928 2840 inanes.“

122 2846 160 2907 Et
173 2848 248 2909 iuno
264 2850 472 2911 allacrimans:
493 2850 602 2925 „Quid
618 2851 655 2922 si,
672 2867 757 2928 quae
771 2872 863 2923 voce
878 2860 1008 2939 gravarit.

122 2930 246 3005 „Mente
260 2934 360 3007 dares,
375 2941 468 3009 atqua
482 2933 559 2994 haec
572 2936 673 2996 Turno
687 2942 759 2999 rata
774 2941 847 3005 vita
862 2948 1004 3019 manerat

122 3015 226 3090 „Nunc
240 3024 342 3077 manet
355 3018 508 3078 insontem
521 3017 625 3093 gravis
639 3019 753 3097 exitus,
770 3034 830 3087 aut
845 3044 911 3105 ego
925 3028 982 3091 van·
1016 3022 1044 3079 l-

121 3099 231 3173 „Vana
244 3101 336 3161 feror.
364 3099 453 3177 Quod
467 3107 534 3162 uto
549 3103 651 3179 potius
665 3104 843 3171 tormidine
859 3114 941 3177 laisa
1038 3130 1043 3169 ι

39 3214 43 3221 ·
121 3181 251 3258 „iudan
267 3191 297 3245 et
311 3184 342 3244 in
355 3184 464 3246 melius
477 3191 537 3259 tua,
554 3186 606 3262 qui
620 3192 721 3263 potes,
738 3205 821 3257 orsa
837 3196 1006 3261 relicatas!l
1038 3172 1041 3191 '

35 3480 48 3556 ¹l

120 3264 204 3327 llaec
218 3268 271 3329 ubl
285 3268 367 3329 diota
381 3268 474 3345 dedit,
489 3270 577 3330 coelo
592 3285 628 3330 se
640 3279 799 3346 protenus
815 3281 887 3345 alto

120 3346 214 3427 Misit,
229 3367 326 3428 agens
338 3352 471 3413 liiemem
483 3353 586 3413 nimbo
602 3355 764 3421 succincta
780 3378 846 3439 per
859 3382 959 3445 auru,

122 3434 320 3520 Iliacamque
333 3435 652 3501 adiemetiauueniia
660 3447 906 3523 mamam
1010 3438 1030 3497 o
