2326 3780
100 198 165 263 304
372 189 405 248 r.
425 188 594 248 uramur
622 189 828 255 msnortrs

98 353 156 411 Hie
170 352 282 407 matres
296 343 490 415 miseraeque
504 356 619 417 nurus,
637 342 697 403 hie
716 360 800 406 cara
815 362 940 408 sororum
982 357 989 396 ἱ

99 436 228 495 Pectora
241 434 430 489 maerentum
443 424 598 500 puerique
615 430 824 501 parentibus
840 432 903 492 orbi

100 519 206 578 Dirum
221 519 419 575 exsecrantur
432 509 546 568 beilum
560 508 742 587 Turnique
758 514 953 592 hymenaeon

100 603 207 679 ipsum
220 598 313 659 armis
327 596 491 671 ipsumque
505 592 616 653 iubent
634 595 829 660 decernere
844 602 927 674 ferro,

102 687 159 761 Qui
172 700 300 759 regnum
314 680 417 740 ltaliae
432 685 462 737 et
475 677 593 752 primes
612 678 682 739 sibi
698 694 827 757 poseat
843 684 962 745 honores.

102 772 245 846 ingravat
257 768 335 826 haee
349 778 462 823 saevus
476 762 629 838 Drances,
648 766 837 844 solumque
851 768 943 829 vocari
989 778 996 817 :

102 856 250 923 Testatur,
266 852 366 910 solum
380 846 469 923 posci
483 846 514 904 in
529 848 713 909 certamina
730 852 886 913 Turnum.

102 939 198 999 Multa
211 934 300 995 simui
314 940 420 992 eontra
432 930 526 989 variis
540 934 709 993 sententie
726 937 829 998 dictis

104 1024 161 1082 Pro
176 1021 284 1092 Turno,
300 1024 331 1077 et
343 1031 486 1089 magnum
499 1014 628 1087 reginae
644 1032 777 1080 nomen
795 1021 957 1101 obumbrat

104 1106 198 1167 Multa
211 1104 309 1161 virum
323 1100 437 1160 meritis
453 1105 603 1159 sustentat
618 1100 714 1161 tama
730 1108 891 1183 tropaeis.

94 1176 113 1230 ⁸
146 1190 211 1247 Hos
226 1188 304 1245 inter
317 1192 427 1257 motus,
443 1182 544 1242 medio
560 1182 592 1240 in
606 1181 782 1259 flagrante
798 1192 932 1252 tumultu
992 1198 1000 1237 ῑ

104 1274 194 1346 Ecce,
210 1284 303 1344 super
316 1269 425 1327 maesti
440 1282 549 1341 niagno
559 1266 737 1332 Diomedis
756 1274 801 1333 ab
817 1276 895 1336 urbe

104 1356 211 1433 Legati
224 1367 377 1429 responsa
391 1355 499 1425 ierunt,
514 1350 589 1409 nihii
604 1354 769 1417 omnibus
786 1368 892 1421 aetum

105 1442 268 1499 Tarrtorum
282 1437 431 1512 impensis
446 1451 582 1511 operum,
599 1434 645 1493 nil
663 1437 761 1500 dona
777 1460 887 1519 neque
900 1454 979 1503 tuerit

106 1525 168 1584 Nec
182 1538 310 1598 magnas
324 1522 460 1581 valuisse
474 1534 593 1595 preces,
610 1520 678 1580 alia
695 1540 794 1587 amna
809 1528 924 1588 Latinis

108 1608 288 1683 Quaerenda
300 1612 354 1667 aut
365 1620 475 1681 pacem
488 1603 618 1662 Troiano
636 1605 681 1663 ab
698 1624 785 1684 rege
801 1612 966 1688 petendmr.
996 1620 1002 1655 ’-

107 1692 216 1753 Deficit
229 1690 343 1765 ingenti
356 1690 438 1749 luctu
451 1704 507 1748 rex
521 1688 589 1762 ipse
602 1686 762 1752 Latinus=

107 1777 242 1838 Fatalem
254 1778 382 1834 Aenean
396 1772 557 1832 manifesto
573 1772 707 1833 numine
724 1778 818 1853 ferri,

80 1878 83 1884 ·
110 1862 262 1922 Admonet
275 1859 320 1917 ira
334 1858 426 1917 derim
439 1856 608 1929 tumulique
623 1864 702 1917 ante
719 1876 783 1922 ora
799 1872 948 1925 recentes.

107 1946 188 2020 Ergo
204 1944 365 2003 concilium
379 1957 520 2016 magnum
535 1939 728 2017 primosque
745 1962 888 2009 suorum

108 2029 238 2104 Imperio
255 2027 370 2086 accitos
385 2026 446 2085 alta
461 2026 539 2083 intra
552 2023 660 2083 iimina
675 2030 781 2116 cogit.

110 2113 166 2173 Olli
182 2126 363 2185 convenere,
378 2108 538 2183 fluuntque
552 2108 593 2167 ad
606 2109 702 2183 regia
718 2114 836 2187 plenis

108 2197 199 2257 Tecta
212 2197 281 2255 viis.
318 2194 412 2254 Sedet
426 2194 456 2252 in
470 2192 579 2251 mediis
594 2198 626 2249 et
640 2197 815 2259 maximus
833 2217 915 2261 aero

108 2283 145 2341 Et
159 2282 274 2356 primus
290 2279 429 2354 sceptris,
445 2276 527 2335 haud
542 2277 623 2334 laeta
638 2277 761 2355 fronte,
778 2284 924 2346 Latinus¹

109 2368 210 2439 Atque
224 2365 273 2424 hie
288 2364 406 2437 legates
421 2362 531 2420 Aetola
545 2376 584 2418 ex
598 2359 679 2419 urbe
694 2368 879 2442 remissos

110 2450 193 2523 Quae
207 2449 347 2518 reserant,
364 2447 420 2505 sari
434 2444 525 2515 iubet,
541 2451 571 2502 et
583 2457 753 2519 responsa
768 2456 918 2530 reposcit
1002 2460 1013 2495 “··

110 2533 221 2592 Ordine
237 2539 344 2590 cuncta
358 2546 425 2590 suo.
460 2529 534 2586 Tum
549 2527 630 2585 iacta
645 2528 787 2611 silentia
801 2538 929 2617 anguis,

107 2617 146 2676 Et
158 2616 295 2676 Venulus
311 2616 393 2675 dieto
407 2628 520 2690 parens
535 2612 576 2672 ita
591 2611 688 2674 iarier
703 2618 800 2683 indta

108 2700 277 2775 „Vidimus
293 2715 313 2758 o
328 2700 422 2773 cives,
437 2698 616 2757 Diomedem
631 2699 836 2783 Argivaque
852 2716 958 2776 castra,

109 2786 235 2859 „Atque
244 2786 302 2842 iter
314 2784 431 2843 emensi
446 2798 538 2841 casus
553 2786 790 2856 superavimus
808 2808 931 2866 omnes,

108 2867 377 2943 ,contigimusque
391 2882 522 2939 manum,
538 2880 600 2940 qua
615 2870 767 2933 concidit
783 2876 846 2939 Ilia
860 2878 956 2939 telius.
1004 2868 1019 2918 Β

108 2953 182 3028 „iile
195 2951 303 3012 urbem
316 2951 509 3027 Argyripam,
525 2949 643 3025 patriae
659 2962 869 3029 cognomine
883 2960 978 3039 gemis.

108 3037 234 3111 „Victor
246 3036 376 3111 Gargani
391 3033 544 3094 condebat
557 3033 688 3109 Iapygis
706 3046 815 3105 arvis,

107 3120 293 3196 „Postquam
307 3119 488 3195 introgressi
504 3123 533 3177 et
547 3132 653 3177 eoram
670 3122 752 3185 data
769 3132 873 3209 eopia
887 3128 974 3192 fandi:

106 3204 253 3279 „Munera
266 3204 476 3280 praeferimus,
492 3214 603 3262 nomen
619 3207 836 3289 patriamque
852 3218 988 3279 docemus
1030 3279 1033 3288 Ι

107 3287 183 3363 „Qui
196 3287 309 3347 beilum
324 3288 485 3361 intulerint,
502 3300 582 3361 quae
596 3301 699 3351 causa
715 3303 892 3364 attraxerit
905 3306 992 3375 Arpos.
1005 3290 1020 3341 i

106 3370 247 3445 „Auditis
261 3372 312 3431 iiie
327 3372 404 3431 haee
417 3371 540 3448 placido
555 3370 602 3430 sic
615 3374 768 3443 reddidit
784 3401 863 3447 ore:

108 3452 177 3533 „„0
193 3455 367 3516 tartuname
379 3462 501 3531 gentes,
511 3454 657 3514 Saturnia
669 3476 791 3541 regna,
1028 3299 1071 3698 [
