2326 3780
374 132 687 193 INTRODUCTIO.
953 136 1019 193 XIX

63 295 133 349 tiens
143 295 172 347 ia
182 272 352 346 illustratscn'
358 288 395 362 of
406 288 518 361 Viryil’s
528 286 683 343 celebrated
693 284 791 358 fourth
799 284 909 359 Eclaqa.
929 287 1020 344 Lond.

64 375 158 437 1810.
174 375 203 434 8.
225 374 292 428 Post
303 388 404 445 pacem
415 371 624 428 Brundusinam
633 370 787 439 Antonius,
801 372 930 442 proxImo
944 387 1020 429 anno

64 466 163 518 contra
175 457 295 513 Parthos
305 457 495 529 prolecturus,
511 456 665 514 exercitum
676 470 759 510 suum
771 455 801 509 In
813 454 1020 512 Graeciammi-

63 551 156 611 serat;
174 542 225 598 sed
237 547 385 613 antequam
396 542 457 613 ipse
468 539 560 597 Roma
571 539 741 609 discederet,
753 544 863 612 partam
875 540 1021 613 copiarum

63 628 182 683 Pollioni
199 625 324 695 tradidit,
351 626 398 696 qui
412 625 558 680 Parthinos
573 617 687 696 gentem
697 624 852 680 Dalmatiae
867 625 1020 696 subigeret.

63 730 93 768 v.
108 711 228 783 Appian.
243 711 278 765 V.
299 707 348 770 75.
364 715 392 765 et
411 708 463 765 Dio
479 708 557 765 Cass.
572 709 691 764 XLVIII
706 702 758 768 41.
799 708 867 764 Post
887 710 1020 765 Pollionis

65 797 223 852 discessum
236 796 264 850 in
276 811 384 867 paucos
397 794 457 849 dies
472 795 502 848 L.
519 786 665 849 Corielius
679 792 785 848 Balbus
800 796 828 857 et
840 793 870 847 P.
887 791 1020 849 Canidius
1086 863 1095 873 α

64 881 195 936 consules
209 878 319 935 suffecti
334 883 405 934 sunt
439 895 467 935 v.
481 878 534 934 Dio
546 876 625 935 Cass.
638 879 656 934 l
667 892 692 934 c.
705 894 767 949 cap.
778 875 830 938 32.
845 875 922 933 Sext.
937 876 1021 933 Pom-

60 966 143 1037 peius
159 969 253 1019 autem
268 962 427 1020 Sardiniam
443 964 606 1036 occupavit,
629 962 725 1018 Italiae
745 963 827 1017 litora
845 962 970 1018 vastavit
992 964 1021 1017 et

61 1048 181 1105 Romam
193 1051 266 1103 tame
279 1048 402 1104 vexavit.
431 1048 556 1118 Populus
566 1046 634 1104 inde
644 1046 790 1102 tumultum
801 1047 874 1115 tecit,
886 1051 913 1102 et
924 1046 1020 1101 trium·

61 1134 140 1190 viros
153 1133 254 1204 coegit,
271 1138 302 1187 ut
313 1148 387 1187 anno
399 1136 524 1189 extremo
543 1132 578 1188 de
590 1148 663 1204 paco
673 1146 736 1185 cum
746 1131 881 1202 Pompeio
892 1132 1021 1201 agerent-

123 1217 225 1271 Anno
252 1212 324 1275 715.
351 1217 381 1271 L.
406 1215 544 1272 Marcio
574 1215 775 1273 Censorino
797 1212 827 1270 C.
854 1213 1021 1272 Calvisio

62 1301 198 1359 SabIno
213 1317 305 1355 coss.
347 1299 456 1355 Romae
472 1317 508 1357 ex
523 1300 638 1358 Octavia
652 1300 689 1354 M.
705 1299 855 1355 Marcellus
867 1304 949 1355 natus
966 1302 1020 1355 est.
1111 1292 1114 1297 ’
1143 1278 1146 1283 ’

62 1385 232 1441 Octainanus
248 1400 313 1439 cum
325 1384 363 1438 M.
378 1385 501 1444 Antonio
515 1385 615 1440 Miseni
631 1382 709 1440 Sext.
736 1383 902 1454 Pompeium
912 1398 1019 1440 conve·

62 1470 118 1534 nit,
140 1482 261 1535 quocum
280 1482 353 1520 auno
369 1469 428 1520 fere
442 1467 536 1521 medIo
550 1484 608 1537 pax
621 1468 775 1523 Puteolana
789 1468 945 1538 compositu
966 1471 1018 1523 est.
1069 1470 1081 1491 ⁶

62 1548 198 1618 Pompeio
211 1546 349 1616 Siciliam,
360 1547 534 1617 Sardiniam,
550 1548 709 1619 Corsicam,
724 1548 862 1605 Achaiam
877 1556 905 1605 et
917 1567 1019 1606 consu·

63 1636 151 1690 latum
163 1636 363 1686 concesserunt
375 1631 492 1702 eiusque
499 1631 584 1687 tiliam
594 1633 632 1686 M
640 1633 773 1688 Marcello
784 1634 882 1687 intanti
893 1633 1018 1703 despon-

64 1719 175 1774 derunt
214 1713 336 1787 AppIan.
349 1715 383 1770 V.
398 1713 449 1774 71.
463 1731 522 1786 sq.,
546 1716 598 1771 Dio
621 1714 700 1771 Cass.
723 1715 842 1770 XLVIII.
856 1711 908 1774 31.
925 1713 977 1774 36.
993 1720 1023 1771 et

61 1803 214 1858 Drumann.
235 1801 253 1855 l.
275 1816 299 1854 c.
316 1816 344 1871 p.
360 1795 432 1861 428.
452 1816 514 1871 sqq.
555 1801 652 1856 Paullo
673 1805 738 1872 post
759 1797 906 1855 Scribonia
922 1799 1022 1856 Iuliam

60 1886 172 1960 peperit
193 1890 221 1939 et
240 1884 332 1940 statim
351 1889 417 1957 post
431 1884 518 1940 filiam
533 1891 627 1941 natam
643 1887 678 1943 ab
696 1883 850 1940 Octaviano
869 1883 1021 1955 repudiata

62 1977 113 2027 est.
155 1987 184 2027 v.
197 1968 282 2024 Voss.
297 1985 326 2040 p.
341 1965 411 2028 165.
454 1969 562 2026 DeInde
583 1969 744 2025 consulibus
760 1974 788 2024 et
802 1968 941 2023 nonnullis
957 1968 1019 2053 aliis

60 2054 269 2127 magistratibus
284 2052 312 2107 in
328 2058 390 2107 octo
405 2069 495 2108 annos
506 2054 641 2110 ordInatis
656 2059 806 2111 auctumno
820 2058 948 2125 tempore
959 2052 1019 2108 An-

59 2140 153 2196 tonius
169 2139 198 2192 in
212 2132 359 2192 Graeciam
374 2142 401 2192 et
415 2136 584 2195 Octavianus
598 2139 627 2193 in
641 2137 758 2194 Galliam
772 2137 847 2193 abiit.
882 2136 1019 2208 Virgilius

60 2224 154 2280 hieme
169 2220 322 2294 superioris
342 2222 408 2276 anni
429 2224 458 2277 in
476 2223 625 2295 praedium
643 2222 788 2278 Andinum
802 2237 936 2278 reversus
953 2236 1019 2275 essa

61 2309 182 2365 videtur.
224 2304 328 2360 Galliae
345 2305 567 2379 Transpadanae
582 2306 701 2362 AIIenus
715 2306 809 2361 Varus
826 2304 920 2360 adhuc
934 2319 1019 2376 prae-

62 2394 125 2461 fuit,
148 2391 192 2448 cui
202 2397 288 2463 pocta
304 2405 377 2444 anno
393 2386 465 2450 714.
481 2407 596 2447 carmen
612 2392 722 2462 epicum
740 2391 916 2462 promiserat.
958 2386 1020 2445 Sed
1042 2392 1047 2401 '

63 2493 128 2532 cum
147 2476 280 2547 precibus
301 2490 359 2528 non
375 2476 559 2531 satisfecisset
579 2481 607 2530 et
626 2475 794 2530 Mantuanos
815 2474 911 2545 iniquo
931 2460 1018 2529 modo

62 2564 211 2627 vexasset,
224 2557 308 2612 huius
322 2560 455 2630 promissi
467 2560 617 2632 Virgilium
630 2560 804 2632 poenituisse
819 2558 939 2615 videtur.
974 2556 1018 2613 Ne

63 2651 158 2698 tamen
164 2643 255 2700 virum
264 2647 407 2714 potentem
415 2649 442 2699 et
454 2646 562 2716 regioni
570 2646 745 2716 praetectum
756 2640 923 2712 offenderet,
933 2641 1018 2696 huius

64 2728 129 2783 anni
141 2743 230 2791 verno
244 2732 371 2798 tempore
384 2728 410 2783 ei
424 2729 565 2802 inscrIpsit
578 2729 752 2799 Eulogam
776 2733 934 2794 sextam,
963 2740 1020 2795 qua

63 2829 121 2868 non
133 2818 190 2868 tam
204 2812 281 2867 illum
294 2811 433 2882 laudavit,
466 2828 551 2883 quam
571 2829 607 2869 ex
626 2812 829 2885 Epicureorum
848 2809 958 2882 placitis
972 2825 1018 2863 re-

62 2913 125 2953 rum
137 2895 292 2971 primordia
306 2897 415 2952 cecinit.
458 2894 542 2964 Quod
556 2897 671 2971 quidem
691 2901 886 2969 argumentum
904 2898 1020 2965 poetam

59 2991 213 3056 propterea
228 2981 350 3052 elegisse
365 2979 490 3055 tradunt,
518 2983 651 3054 quoniam
669 2982 732 3054 ipse
752 2997 817 3036 cum
830 2979 909 3034 Varo
930 2993 948 3032 a
962 2974 1018 3050 Sy·

61 3084 132 3123 rone
163 3065 372 3140 philosophIam
397 3067 565 3139 Epicuream
595 3068 693 3123 doctus
720 3071 788 3121 erat.
827 3081 856 3120 v.
876 3060 959 3119 Serv.
981 3060 1022 3119 ad

60 3153 123 3209 Ecl.
137 3152 185 3207 VI.
201 3148 251 3211 13.
287 3151 354 3206 Post
367 3168 482 3208 carmen
497 3153 602 3211 editum
614 3151 749 3223 Virgilius
763 3147 883 3204 Romam
897 3146 1019 3203 rediisse

60 3237 156 3309 ibique
162 3236 329 3305 Maecenati,
341 3241 491 3308 antequam
502 3239 548 3295 ille
560 3253 623 3294 cum
632 3234 784 3293 Octaviano
792 3232 931 3288 Misenum
943 3230 1019 3300 abiit,

60 3321 206 3377 Horatium
228 3320 443 3377 commendasse
463 3322 583 3380 videtur.
624 3320 650 3376 Is
672 3321 746 3376 enim
765 3334 863 3374 mense
878 3316 969 3387 Aprili
990 3329 1018 3370 a.

61 3404 135 3466 716.
173 3406 331 3462 Maecenati
352 3407 382 3462 in
402 3407 500 3465 itinere
521 3405 700 3465 Brundusino
724 3419 820 3461 comes
844 3401 908 3469 tuit3
929 3412 1022 3471 quara

771 3482 818 3549 b*
