2326 3780
70 216 115 283 ab
345 217 378 276 P.
395 216 558 278 VlRGlLIi
576 212 752 278 mosoma

12 414 17 426 .
71 371 283 447 Movitagros,
297 370 380 431 curis
393 384 509 431 acuens
522 370 662 430 mommio
675 368 780 445 eorda,
943 382 950 413 ⁹

71 457 134 517 Nec
147 462 270 531 torpere
284 454 371 530 gravi
384 469 499 530 passus
514 468 571 515 sua
584 468 679 529 regna
691 460 832 515 vewrno.

71 544 152 600 Ante
168 536 777 613 lovamnullisubigebantarvacolonis
984 550 1028 605 lta

71 625 116 683 lle
131 625 253 700 signare
268 622 393 699 quidem
406 628 459 682 uut
471 621 577 698 partiri
591 621 842 701 limitecampum

71 708 132 769 Fas
146 715 223 768 aratz
245 707 277 767 in
289 706 425 767 medium
440 704 634 782 quaerebant
649 707 780 783 ipsaque
793 707 889 770 tellus

72 792 180 852 Omnia
193 791 328 865 liberius,
342 790 425 850 nullo
439 795 596 867 poscente,
612 790 738 850 terebat

72 877 125 937 llle
139 876 252 937 malum
267 875 352 934 virus
365 873 559 951 serpentibus
573 874 692 934 addidit
705 874 789 937 atris.

71 960 277 1034 Praedarique
292 959 383 1035 lupos
397 959 494 1031 iussit,
510 965 698 1033 pontumque
711 960 840 1035 moveri,

71 1045 225 1120 llellaque
239 1043 376 1104 decussit
389 1042 480 1115 foliis,
496 1042 660 1118 ignemque
673 1043 811 1117 removit,

71 1128 109 1188 llt
122 1129 239 1205 passim
252 1128 328 1188 rivis
343 1127 495 1189 cunenm
507 1126 579 1185 vina
592 1127 754 1203 repressio

71 1214 112 1274 Ut
123 1212 226 1272 varias
240 1228 317 1272 usus
330 1210 507 1272 meditando
521 1211 703 1272 extunderet
715 1217 798 1271 artes
836 1270 843 1279 ,

71 1296 237 1370 Paullatim,
253 1304 284 1356 et
297 1296 392 1363 sulcis
407 1295 547 1355 numenti
563 1301 724 1371 quaereret
736 1294 873 1371 herbam,

72 1380 111 1440 Ut
126 1381 220 1441 silicis
234 1381 323 1442 venis
337 1379 512 1441 abstrusum
526 1380 693 1440 excuderet
707 1380 819 1455 ignem:

71 1465 155 1525 Tunc
168 1466 256 1525 alnos
270 1465 400 1540 primum
414 1463 500 1525 fluvii
515 1478 641 1524 sensere
657 1471 797 1535 caveam

71 1549 180 1609 Navita
192 1556 256 1610 tum
270 1549 367 1610 stellis
381 1562 525 1610 numeros
540 1555 570 1608 et
583 1547 707 1607 nomina
723 1549 803 1621 lecit,

70 1632 220 1708 Pleiadas,
236 1634 372 1711 Hyadas,
389 1634 563 1708 claramque
576 1632 731 1710 Lycaonis
744 1633 877 1704 Arcton3

70 1717 145 1779 Tum
158 1718 277 1796 laqueis
292 1725 416 1795 captare
430 1718 511 1799 ieras
526 1723 557 1777 et
573 1717 677 1776 fallere
690 1717 779 1776 visco

70 1803 238 1879 Inventum,
254 1809 285 1863 et
298 1817 427 1877 magnos
442 1800 569 1862 canibus
584 1800 771 1860 circumdare
785 1800 900 1873 saltus;

70 1895 172 1966 Atque
187 1888 264 1950 alius
279 1887 374 1946 latum
387 1885 482 1945 lunda
495 1884 556 1943 iam
569 1883 711 1944 verberat
724 1898 853 1958 amnem,

70 1973 142 2032 Alta
154 1980 272 2048 petens,
287 1970 460 2044 pelagoque
474 1968 552 2026 alius
567 1967 657 2027 trahit
669 1967 795 2029 humida
807 1968 885 2041 llna;

70 2055 145 2114 'lum
160 2055 231 2113 ferri
245 2054 329 2127 rigor
342 2058 435 2127 atque
449 2058 574 2125 argutae
588 2052 701 2112 lamina
714 2067 832 2112 serrae·

70 2137 146 2196 llam
159 2137 248 2213 primi
263 2135 369 2195 cuneis
384 2133 566 2195 scindebant
579 2135 677 2196 fissile
691 2136 827 2211 lignum,

70 2221 145 2280 Turn
157 2220 261 2279 variae
277 2233 389 2279 venera
402 2225 494 2279 artos.
527 2219 629 2280 Labor
644 2221 745 2280 omnia
757 2221 831 2280 vicit

71 2303 231 2380 improbus
246 2310 276 2363 et
289 2302 373 2363 duris
388 2316 502 2379 augens
516 2304 547 2363 in
561 2304 653 2365 rebus
669 2312 801 2379 egestas.

69 2389 169 2447 Prima
184 2387 275 2448 Ceres
291 2387 371 2447 lerro
385 2389 530 2448 mortales
545 2395 664 2448 vertere
677 2396 788 2448 terram

69 2472 209 2544 Instituit,
226 2486 318 2546 quum
331 2471 392 2531 iam
405 2472 534 2547 glandes
548 2480 641 2548 atque
655 2472 762 2533 arbuta
775 2487 884 2534 sacrae

70 2556 242 2616 Deficerent
255 2555 361 2630 silvae,
376 2562 408 2616 et
419 2556 534 2616 matum
548 2555 680 2616 Dodona
692 2564 828 2633 negaret

69 2640 143 2699 Mox
157 2645 187 2699 et
201 2640 356 2700 frumentis
370 2638 459 2699 labor
471 2639 603 2714 additus,
618 2647 652 2701 ut
666 2642 747 2701 mala
760 2642 878 2703 culmos

69 2724 161 2784 Esset
173 2722 290 2799 robigo,
306 2723 473 2799 segnisque
486 2723 624 2785 honeret
638 2726 668 2784 in
682 2725 765 2786 arvis

71 2807 221 2867 earduus:
244 2808 394 2867 intereunt
408 2812 538 2883 segetes,
555 2807 635 2868 subit
649 2825 761 2885 aspera
775 2809 853 2869 silva

67 2890 255 2968 Lappaeque
268 2890 440 2967 tribulique,
455 2891 595 2966 interque
609 2894 734 2954 nitentia
746 2895 827 2954 cula

68 2976 176 3036 Inlelix
190 2976 293 3036 lolium
308 2981 338 3035 et
352 2976 471 3036 steriles
485 2975 678 3038 dominantur
691 2993 818 3038 avenae.

69 3059 156 3133 Quod
170 3060 229 3120 nisi
244 3066 274 3120 et
287 3059 422 3121 assiduis
435 3059 560 3120 herbam
575 3061 765 3123 insectabere
778 3062 894 3137 rastris,
973 3077 1023 3130 155

68 3142 105 3203 tlt
118 3144 220 3205 sonitu
232 3142 360 3204 terrebis
374 3160 458 3217 aves,
475 3151 505 3204 et
518 3146 598 3207 naris
612 3147 702 3223 opaci
766 3156 778 3183 ·

68 3226 158 3287 Falce
171 3242 292 3303 premes
306 3227 443 3291 umbram
455 3229 599 3306 eoasque
612 3230 774 3291 vocaveris
789 3229 952 3313 imbrem3,

22 3311 25 3318 '
67 3310 142 3384 Heu,
159 3327 300 3388 magnum
314 3312 438 3375 alterius
452 3315 564 3376 frustm
578 3313 732 3391 spectabis
747 3329 900 3391 acervum,
937 3310 943 3321 “

69 3394 288 3472 Concussaque
301 3398 412 3459 larnem
424 3400 455 3458 in
470 3399 556 3459 silvis
572 3398 713 3459 solabere
727 3413 851 3474 quercu.

110 3481 278 3543 Dicendum
292 3488 332 3549 et
346 3498 425 3557 quae
439 3483 500 3543 sint
513 3482 597 3543 duris
613 3482 782 3559 agrestibus
798 3496 891 3559 arma,
971 3494 1024 3552 lto
