2326 3780
90 153 165 254 'aas
254 252 260 273 ,
386 187 419 245 r.
439 185 604 245 vinoun
627 186 833 249 muronrs

99 345 172 419 lpse
185 349 232 400 ter
246 308 380 400 adducta
395 339 508 399 circum
523 343 618 412 caput
633 338 703 412 egit
718 340 868 413 habena,

99 429 137 487 Et
150 426 253 485 media
267 424 390 484 adversi
404 423 569 499 liquefacto
584 428 742 497 tempora
758 425 899 501 plumbo

102 511 225 584 Diffidil,
241 525 277 568 ac
291 509 385 568 multa
399 513 574 583 porrectum
588 508 741 568 extendit
757 525 875 569 arena.

99 596 174 655 Tum
190 594 318 671 primum
331 592 413 652 bello
430 593 560 651 celerem
574 590 763 653 intendisse
781 596 933 670 sagittam
1005 600 1020 652 :i

100 679 223 752 Dicitur,
239 684 308 736 ante
324 678 405 736 feras
421 676 530 735 solitus
544 680 662 733 terrere
677 676 834 752 fugaces

99 763 263 834 Ascanius
280 761 451 836 fortemque
465 776 557 819 manu
571 759 697 819 fudisse
713 762 917 838 Numanum,

102 848 156 910 cui
170 845 298 907 Remulo
315 860 486 920 cognomen
500 849 573 918 erat,
587 842 755 921 Turnique
772 848 935 909 minorem

102 931 282 991 Germanam
296 945 395 1005 nuper
408 929 541 987 thalamo
558 928 697 987 sociatus
712 928 878 993 habebat.

100 1016 131 1075 Is
146 1017 274 1091 primam
289 1019 359 1072 ante
373 1014 471 1072 aciem
486 1013 578 1087 digna
592 1017 687 1086 atque
702 1013 848 1090 indigna
861 1019 960 1078 relatu
1012 1023 1028 1075 i:

103 1099 295 1169 vociferum,
310 1096 509 1172 tumidusque
522 1111 604 1155 novo
619 1100 821 1171 praecordia
835 1117 938 1177 regno

101 1182 168 1243 Ibat
182 1188 211 1241 et
224 1182 377 1255 ingentem
392 1196 464 1241 sese
479 1182 612 1240 clamore
627 1180 769 1241 ferebat=

102 1267 187 1342 „Non
201 1266 298 1341 pudet
312 1264 475 1325 obsidione
490 1266 597 1324 iterum
610 1264 764 1341 valloque
782 1270 903 1347 teneri,

101 1350 173 1425 „Bis
189 1349 271 1424 capti
284 1348 433 1426 Phryges,
449 1356 479 1409 et
492 1350 580 1410 morti
595 1348 813 1424 praetendere
829 1360 964 1416 murosf

101 1434 175 1510 „En
193 1434 244 1509 qui
258 1440 365 1493 nostra
379 1434 438 1494 sibi
452 1434 533 1493 bello
548 1433 703 1493 connubia
716 1446 886 1511 poscunt!
1016 1444 1034 1497 tl

102 1518 194 1594 „Quis
210 1517 287 1577 deus
301 1518 426 1591 Italiam,
442 1534 522 1593 qnae
537 1533 594 1577 vos
611 1516 769 1579 dementia
785 1524 925 1599 adegit?

102 1602 187 1676 „Non
201 1603 252 1662 hic
265 1603 401 1677 Atridae,
416 1618 475 1662 nec
490 1601 573 1663 fandi
588 1603 678 1662 lictor
690 1602 820 1666 Ulixes.

102 1686 235 1761 „Durum
249 1687 288 1746 ab
304 1686 399 1763 stirpe
413 1702 510 1762 genus
525 1694 615 1747 natos
631 1687 671 1746 ad
685 1685 826 1750 flumina
843 1694 978 1768 primum

102 1770 303 1846 „Deferlmus
319 1786 479 1846 saevoque
492 1772 564 1847 gelu
579 1772 725 1832 duramus
742 1779 776 1832 et
789 1778 916 1849 undis3

102 1855 241 1930 „Venatu
256 1856 414 1931 invigilant
428 1856 515 1931 pueri
529 1856 687 1931 silvasque
702 1856 854 1935 fatigant,
1020 1866 1045 1920 iti

101 1938 257 2014 ‚dilectore
272 1940 362 2000 ludus
379 1955 477 2014 equos
492 1946 524 1999 et
538 1941 657 2016 spicula
671 1939 807 2002 tendere
824 1960 951 2017 cornu;

102 2023 161 2097 „At
174 2024 294 2099 patiens
311 2040 438 2100 operum
452 2039 613 2100 parvoque
627 2032 754 2084 assueta
770 2027 932 2091 iuventus

102 2109 184 2182 „Aut
196 2109 304 2167 rastris
318 2115 430 2168 terram
445 2108 557 2182 domat,
574 2113 626 2167 aut
640 2110 739 2184 quatit
754 2114 892 2187 oppida
906 2116 997 2177 bello.

102 2189 217 2265 „Omne
233 2207 345 2251 aevum
358 2192 440 2253 ferro
454 2192 567 2267 teritur,
583 2207 739 2267 versaque
751 2194 939 2261 iuvencum

102 2274 217 2350 „Terga
232 2276 394 2350 fatigamus
408 2276 507 2350 hasta,
522 2292 581 2337 nec
595 2276 683 2336 tarda
697 2287 856 2342 senectus
1026 2288 1053 2344 tlt

101 2357 263 2434 „Debilitat
276 2361 359 2420 vires
374 2360 466 2420 animi
479 2366 637 2435 mutatque
649 2360 806 2436 vigorem.

100 2441 267 2518 „canitiem
281 2446 370 2519 galea
384 2446 560 2521 premimus,
576 2460 763 2519 semperque
772 2458 937 2515 recentes

101 2524 320 2602 „comportare
333 2528 418 2589 iuvat
432 2527 565 2604 praedas
580 2535 611 2588 et
625 2528 732 2587 vivere
744 2540 859 2607 rapto.

100 2608 219 2685 „Vobis
233 2611 316 2686 picta
330 2627 422 2673 croco
437 2620 467 2672 et
481 2612 607 2689 fulgenti
621 2613 736 2672 murice
751 2617 873 2695 vestis,
1078 2683 1082 2708 Ι

101 2693 264 2768 „Desidiae
279 2697 382 2767 cordi3
406 2698 490 2758 iuvat
504 2698 664 2772 indulgere
679 2696 817 2773 choreis,
980 2764 986 2773 ,
1032 2710 1062 2767 tl'r

100 2778 156 2853 „Et
168 2778 290 2840 tunicae
303 2781 440 2843 manicas
455 2790 486 2841 et
499 2782 614 2842 habe'nt
628 2780 815 2842 redimicula¹
827 2786 963 2853 mitrae.

99 2861 143 2939 „0
158 2879 232 2923 vere
245 2863 405 2941 Phrygiae,
421 2882 522 2941 neque
538 2866 619 2926 enim
632 2864 783 2941 Phryges,
800 2867 849 2930 ite
865 2890 930 2950 per·
946 2877 1008 2937 alm

99 2946 280 3024 „Dindyma
295 2949 348 3008 ubi
363 2951 496 3011 assuetis
510 2950 640 3011 biforem
655 2949 708 3009 dat
722 2948 801 3011 tibia
816 2966 968 3021 cantum.

99 3030 276 3107 „Tympana
289 3049 348 3094 vos
362 3034 527 3110 buxusque
541 3040 634 3096 vocat
645 3032 839 3110 Berecyntia
854 3041 975 3107 Matris

98 3113 245 3186 „Idaeaea
269 3117 358 3179 sinite
372 3134 458 3179 arma
469 3118 555 3193 viris,
570 3125 601 3179 et
614 3118 714 3177 cedite
728 3118 816 3181 ferro
825 3129 859 3182 t“
1032 3134 1069 3190 tit

97 3196 182 3257 Talia
195 3200 357 3261 iactantem
371 3203 461 3263 dictis
476 3218 513 3262 ac
527 3202 595 3263 dira
608 3208 769 3262 canentem

96 3278 165 3340 Non
179 3284 246 3343 tulit
259 3284 424 3359 Ascanius,
439 3302 600 3362 nervoque
615 3286 770 3347 obversus
784 3294 917 3367 equino

99 3360 260 3427 contendit
274 3370 376 3445 telum,
392 3371 579 3447 diversaque
593 3370 719 3430 brachia
735 3370 864 3439 ducens

99 3442 247 3527 Constitit,
263 3459 333 3513 ante
346 3454 455 3515 lovem
467 3456 606 3529 supplex
617 3470 674 3525 per
684 3460 767 3510 sota
776 3470 965 3533 praeatum.
1024 3469 1027 3476 ’
1043 3489 1047 3497 -
