2326 3780
412 194 608 256 AENEIDOS
628 194 795 255 mavul.
1015 192 1079 257 241

123 352 246 413 Arduus
261 366 346 412 arma
359 356 477 423 tenens,
492 362 553 408 non
567 354 600 407 te
610 346 738 407 rationis
751 355 891 423 egentem

122 438 275 498 Lernaeus
289 435 377 495 turba
392 434 527 509 capitum
540 430 738 491 circumstetit
750 433 870 507 anguis.
1027 441 1079 496 eoo

122 520 222 595 Salve,
236 535 311 580 vera
324 518 407 578 lovis
421 518 535 592 proles,
551 517 647 575 decus
662 515 766 575 addite
780 516 870 590 divis,

121 604 228 665 trinos
245 612 274 663 et
288 611 340 663 tua
353 603 462 662 dexter
476 600 527 660 adi
541 600 624 676 pede
637 614 728 659 sacra
741 602 888 661 secundo.

120 688 204 749 Talia
218 686 402 748 carminibus
416 684 588 754 celebrant3
610 698 706 758 super
720 684 823 743 omnia
837 685 908 745 caci

119 772 305 850 Speluncam
319 770 464 830 adiiciunt
477 768 707 843 spiranlemque
720 767 841 843 ignibus
855 769 966 845 ipsum.

119 856 273 918 consonat
288 869 378 915 omne
391 869 500 913 nemas
515 852 653 926 strepitu,
671 853 830 926 collesque
842 854 1000 914 resultant.
1026 860 1078 916 3⁰6

160 940 239 999 Exin
254 956 289 999 se
304 938 404 999 cuncti
419 936 533 996 divinis
547 934 641 995 rebus
657 936 697 994 ad
710 934 818 995 urbem

117 1024 261 1085 Perfectis
278 1024 423 1083 referunt.
452 1021 518 1080 lbat
531 1035 587 1078 rex
602 1019 721 1079 obsitus
735 1034 823 1094 aevo,

115 1108 154 1169 Et
169 1108 309 1167 comitem
322 1108 451 1166 Aenean
465 1105 550 1164 iuxta
564 1110 730 1179 natumque
744 1103 867 1164 tenebat

115 1193 304 1267 Ingrediens,
319 1191 469 1264 varioque
483 1187 566 1246 viem
580 1202 722 1247 sermone
735 1187 867 1249 levabat.

115 1276 241 1335 Miratur
257 1274 426 1348 facilesque
440 1273 550 1332 oculos
564 1271 622 1330 lert
636 1271 738 1331 omnia
751 1273 866 1333 circum
1026 1280 1078 1335 810

114 1361 250 1433 Aeneas,
267 1357 448 1432 capiturque
463 1356 551 1427 locis,
567 1361 597 1413 et
611 1356 731 1429 singula
745 1356 842 1416 laetus

106 1442 317 1517 'Exquiritque
331 1439 478 1515 auditque
493 1438 592 1509 virrim
606 1446 802 1498 monumenta
814 1440 959 1514 priorum.

114 1528 191 1587 Turn
205 1540 259 1583 rex
273 1522 447 1597 Evandrus
462 1523 620 1582 Romanae
635 1522 776 1581 conditor
789 1525 886 1584 arcias

115 1608 220 1685 „llaec
234 1620 362 1666 nemora
375 1606 539 1681 indigenae
552 1604 647 1664 Fauni
663 1605 880 1682 nymphaeque
892 1606 1046 1683 tenebant,

115 1692 282 1769 „Gensque
295 1690 396 1750 virdm
409 1689 527 1750 truncis
541 1694 572 1748 et
586 1689 662 1748 duro
675 1688 790 1748 robore
803 1698 883 1763 nata,
1025 1700 1076 1753 315

114 1772 210 1855 „Quis
224 1789 325 1849 neque
340 1788 408 1833 mos
422 1788 525 1848 neque
539 1772 637 1832 cultus
653 1778 726 1848 erat,
740 1788 799 1831 nec
807 1774 939 1849 iungere
951 1780 1057 1835 tauros

112 1860 198 1937 „Aut
213 1872 399 1933 componere
414 1872 492 1933 opes
507 1856 626 1931 norant,
641 1862 693 1915 aut
707 1870 834 1932 parcere
848 1864 954 1932 part03

112 1942 200 2021 „Sed
212 1943 289 2002 rami
304 1948 397 2017 atque
410 1956 506 2018 asper
518 1940 599 2000 victu
615 1948 746 2000 venatus
761 1941 872 2001 alebat.
930 1996 933 2000 .

111 2026 250 2105 „Primus
266 2025 304 2085 ab
320 2026 456 2087 aetherio
471 2024 557 2084 venit
570 2024 719 2084 Saturnus
735 2023 876 2100 Olympo,

111 2112 229 2187 „Arma
242 2111 326 2171 Iovis
340 2110 463 2184 fugiens
478 2114 509 2168 et
521 2109 626 2184 regnis
641 2109 730 2168 exsul
743 2109 888 2169 ademtis=
1024 2118 1078 2173 ato

111 2194 163 2273 „Is
178 2210 275 2269 genus
291 2194 426 2253 indocile
440 2208 478 2253 ac
493 2192 668 2268 dispersum
682 2192 835 2252 montibus
851 2193 919 2253 altis

112 2276 323 2355 „composuit
338 2278 487 2352 legesque
502 2277 595 2347 dedit,
614 2276 794 2350 Latiumque
806 2277 912 2337 vocari

112 2359 247 2437 „Maluit
261 2361 310 2420 his
327 2362 473 2435 quoniam
486 2361 628 2420 latuisset
640 2368 723 2419 tutus
738 2360 770 2418 in
784 2361 857 2421 oris.

111 2443 238 2519 „Aurea
253 2458 332 2517 quae
346 2444 517 2519 perhibent,
532 2444 585 2502 illo
600 2444 658 2503 sub
672 2458 745 2518 rege
760 2444 845 2505 luere

110 2525 280 2606 „Saecular
303 2526 349 2585 sic
362 2526 486 2602 placida
500 2528 634 2602 populos
648 2528 679 2585 in
693 2543 773 2602 pace
785 2528 919 2605 regebat,
1022 2536 1074 2592 335

109 2610 273 2691 „Deterior
287 2610 387 2670 donec
401 2610 559 2686 paullatim
574 2626 611 2671 ac
626 2611 753 2671 decolor
766 2620 852 2673 aetas

110 2694 171 2772 „Et
185 2693 257 2752 belli
270 2693 373 2753 rabies
388 2701 420 2753 et
435 2710 521 2755 amor
534 2696 685 2755 successit
699 2694 842 2756 habendi.

109 2780 206 2855 „Tum
221 2794 330 2838 manus
345 2778 488 2838 Ausonia
501 2785 531 2838 et
543 2785 651 2854 gentes
666 2795 780 2840 venere
794 2779 934 2855 Sicanae,

109 2861 263 2941 „Saepius
278 2867 308 2921 et
321 2877 435 2922 nomen
449 2862 554 2938 posuit
568 2862 710 2924 Saturnia
723 2865 828 2935 tellus;

109 2945 206 3021 „Tum
219 2961 320 3021 reges,
335 2961 491 3022 asperque
505 2947 628 3007 immani
643 2963 773 3024 corpore
784 2947 926 3025 Thybris,
1021 2952 1074 3008 330

111 3030 160 3103 ,,Α
175 3045 236 3102 quo
251 3037 324 3106 post
336 3030 403 3090 Itali
418 3030 545 3091 fluvium
560 3033 741 3107 cognomine
754 3031 901 3108 Thybrim

110 3112 286 3188 „Diximusa
308 3114 410 3174 amisit
421 3131 529 3175 verum
541 3122 631 3176 vetus
645 3115 759 3175 Albula
772 3130 893 3174 nomen.

110 3196 181 3273 „Me
195 3197 319 3270 pulsum
333 3200 432 3273 patria
445 3199 610 3275 pelagique
624 3206 761 3259 extrema
775 3204 956 3272 sequentem

110 3280 266 3357 „Fortuna
278 3282 472 3357 omnipotens
488 3289 518 3342 et
531 3283 725 3343 ineluctabile
739 3282 833 3340 latum

112 3363 186 3440 ,His
202 3378 336 3438 posuere
349 3366 436 3438 locis,
451 3367 620 3442 matrisque
634 3381 726 3440 egere
738 3366 898 3424 demenda
1018 3371 1071 3429 335

109 3448 301 3527 „Carnrentis
315 3450 471 3527 nymphae
486 3452 602 3511 monita
614 3456 646 3511 et
659 3450 740 3511 deus
753 3455 862 3511 auetor
881 3448 1025 3522 Aponus*

155 3547 310 3592 rrasrrrus.
849 3540 890 3595 ib
