2326 3780
315 135 321 154 ’
438 180 746 241 rnrnooucrro.
1024 182 1076 239 vu

120 336 152 395 G.
163 337 263 394 Asinio
276 335 416 403 Pollione,
432 334 460 389 in
471 334 551 390 cuiue
561 334 685 390 notitiam
695 340 723 389 et
733 334 944 389 familiaritatem
954 335 990 390 ab
1000 350 1075 391 anno

120 420 195 482 711.
211 424 330 476 exeunte
343 418 458 493 venisse
470 417 590 475 videtur.
623 416 663 474 Gi.
684 416 837 474 Weichert
851 418 886 475 de
901 417 935 473 L.
952 418 1078 498 Variiffit

126 507 216 563 Gessit
230 504 327 559 Pam.
340 505 395 560 otte
405 509 432 559 ct
441 518 557 559 carmen.
569 519 599 574 p·
614 500 664 564 25.
694 501 856 574 Composuit
869 503 970 574 partim
984 501 1076 559 Andi-

124 592 179 643 bus
195 589 225 642 in
238 602 307 660 agro
327 604 395 656 suo,
417 586 519 659 partim
532 586 649 643 Romae.
687 586 848 658 Propertius
870 585 958 655 enim,
980 587 1027 657 qui
1041 586 1075 643 ll.

125 667 177 731 al.
192 668 266 748 [25]
281 671 331 731 67.
347 687 412 726 eum
424 670 497 726 haec
522 672 649 726 subter
661 670 788 743 pineta
802 669 925 727 Galesi
939 670 1076 727 cecinisse

128 756 210 827 dixit,
228 757 258 812 id
277 761 384 811 tantum
397 760 523 826 tempus,
544 771 600 827 quo
620 755 682 826 ipse
697 754 818 826 elegiam
831 755 906 809 illam
920 755 1076 826 composuit

122 836 198 913 [post
212 857 238 896 a.
250 838 349 917 728.],
364 839 496 911 respexit.
516 837 615 911 Neque
628 838 684 894 hae
700 838 826 911 Eclcgae
846 838 938 893 statim
958 839 1075 894 coniun-

121 930 182 980 ctae
194 925 247 980 sed
261 940 391 980 seorsum
401 939 435 979 ac
446 924 574 995 singulae
585 929 670 994 atque
680 924 745 992 alio,
757 938 842 993 quam
851 938 926 977 nuuc
936 923 1075 994 leguntur,

120 1008 222 1064 ordine
237 1008 329 1065 editae
346 1013 418 1063 sunt
453 1006 620 1063 Prodierunt
633 1009 708 1063 enim
722 1023 748 1063 a.
763 1005 834 1067 712.
849 1006 990 1076 secunda,
1019 1012 1075 1061 ter-

119 1093 159 1147 tia
172 1098 201 1148 et
215 1094 326 1164 quinta,
343 1090 414 1152 718.
428 1094 535 1164 prima,
550 1087 623 1152 714.
644 1108 720 1148 5555
734 1095 762 1147 51
776 1096 889 1162 quarta,
903 1088 974 1150 715.
996 1096 1076 1147 sexta

119 1182 149 1232 et
164 1182 280 1246 octava,
296 1173 369 1237 715.
385 1182 433 1232 aut
448 1176 518 1237 715.
534 1177 667 1250 septima,
684 1174 850 1236 51716551
866 1174 939 1235 717.
956 1174 1075 1231 decium.

121 1259 200 1327 Quae
222 1260 335 1332 quidem
355 1267 385 1316 ut
406 1262 508 1317 clarius
526 1262 732 1334 perspiciantur
752 1265 780 1316 et
794 1276 914 1329 causas,
937 1276 987 1315 cur
1001 1258 1076 1314 hunc

120 1344 250 1400 ordinem
265 1361 282 1400 a
296 1346 478 1417 plurimorum
498 1347 680 1418 interpretum
694 1344 832 1401 sententia
845 1344 994 1399 distantem
1008 1359 1075 1399 con·

121 1427 305 1497 stituerimus,
320 1430 420 1484 melius
437 1434 607 1501 appareant,
622 1444 760 1485 annorum
774 1425 1076 1488 711.-71715515-

122 1510 194 1564 siam
206 1512 301 1581 paullo
315 1513 396 1564 latius
412 1512 454 1565 sic
467 1513 682 1582 descripsimusr

185 1593 291 1646 Anno
306 1590 380 1651 711.
396 1588 433 1665 [5.
446 1592 476 1649 (ἔ.
489 1608 517 1647 n
532 1588 597 1668 ta]
612 1592 763 1649 C..Vibio
777 1596 894 1651 Pansa
906 1595 942 1651 Α.
956 1594 1076 1651 Hirtio

123 1692 235 1745 coss,
252 1692 350 1732 mense
364 1675 455 1747 Aprili
469 1676 562 1731 medio
574 1677 677 1731 bellum
687 1677 844 1733 Mutinense
854 1681 1010 1733 contectum
1025 1684 1077 1747 est,

122 1761 223 1830 inquo
239 1765 354 1831 uterque
373 1761 472 1815 consul
492 1760 575 1832 periit
595 1765 623 1815 ct
637 1759 807 1817 Octavianus
828 1762 1036 1832 post'pugnam·
1050 1776 1076 1815 a.

122 1842 150 1898 d.
166 1842 251 1899 XVM.
266 1844 327 1900 Kal.
342 1844 408 1900 Mai.
423 1846 603 1903 commissam
618 1860 636 1899 a
649 1844 780 1899 militibus
796 1848 823 1899 et
836 1842 943 1899 Senatu
957 1843 1077 1913 impera-

119 1933 165 1983 tor
184 1929 319 1985 salutatus
341 1935 391 1984 est.
427 1947 455 1985 v.
469 1928 622 1985 Drumann.
645 1928 804 1985 &ceneta
819 1927 908 1985 Roma
926 1926 1024 1983 Voll.
1047 1944 1075 1999 p.

121 2009 194 2071 307.
209 2028 271 2083 sqq.
287 2018 315 2068 et
327 2030 356 2085 p.
371 2011 443 2075 323.
485 2014 555 2069 Huic
570 2014 644 2070 bello
658 2012 810 2069 Maecenas
823 2011 963 2068 interluit·
987 2010 1076 2067 Anto-

120 2097 185 2150 nius
202 2112 348 2168 expugna
368 2098 396 2151 in
411 2096 527 2153 Galliam
540 2096 754 2169 Transalpinam
772 2096 857 2169 lingit,
885 2096 979 2166 ibique
999 2110 1026 2151 5.
1048 2095 1076 2151 d.

120 2179 168 2234 IV.
183 2180 244 2234 Kal.
259 2181 318 2235 Iun.
335 2197 366 2236 se
381 2197 444 2236 cum
458 2180 495 2235 M.
512 2181 632 2236 Aemilio
647 2181 771 2253 Lepido,
787 2181 834 2251 qui
847 2180 1000 2251 proconsul
1014 2196 1077 2236 curn

120 2269 242 2334 quatuor
265 2264 422 2336 legionibus
435 2264 599 2336 Hispaniam
619 2266 776 2320 citeriorem
797 2269 825 2321 ct
838 2262 954 2320 Galliam
968 2264 1075 2319 Narbo·

121 2362 240 2402 nensem
254 2349 382 2417 tenebat,
402 2348 553 2404 coniunxit
593 2365 623 2405 v.
637 2347 789 2404 Drumann.
810 2350 867 2403 Le.
883 2364 912 2419 p.
926 2344 998 2408 325.
1014 2361 1075 2418 sqq.

119 2430 292 2487 Octavianus
303 2432 402 2505 viginti
414 2448 551 2488 annorum
558 2430 726 2487 adolescens
735 2432 883 2503 imperium
893 2436 990 2487 contra
1000 2432 1077 2486 illum

122 2516 281 2586 impetravit
301 2522 329 2571 et
342 2520 470 2571 senatum
486 2517 592 2588 coegit,
618 2521 649 2570 ut
668 2531 693 2570 a
712 2515 741 2571 d.
754 2514 828 2571 xw.
841 2516 902 2571 Kal.
918 2514 1075 2587 Septembr.

122 2614 187 2653 cum
202 2598 234 2667 Q.
248 2598 335 2655 Pedio
350 2600 378 2654 in
393 2602 539 2656 consulum
558 2600 766 2655 interfectorum
786 2600 879 2655 locum
892 2599 1075 2655 sufficeretur.

119 2698 150 2738 v.
167 2682 268 2738 Vellei.
283 2684 390 2739 Patere.
405 2684 437 2737 ll.
452 2681 502 2743 65.
543 2683 611 2740 Mox
631 2684 715 2739 etiam
735 2686 809 2740 clam
830 2699 894 2739 cum
912 2683 1034 2739 Antonio
1050 2690 1078 2737 ct

122 2765 229 2838 Lepido
249 2766 392 2823 literarum
406 2768 604 2823 commercium
623 2768 737 2824 instituit
751 2765 861 2842 [Vellei.
881 2767 941 2823 Pet.
955 2768 988 2821 Π.
1004 2763 1077 2839 68.],

120 2865 179 2921 quc
189 2850 318 2907 Asinium
331 2851 501 2921 Pollionem,
516 2852 563 2923 qui
577 2867 651 2907 anno
665 2850 737 2912 710.
758 2870 776 2910 5
790 2850 910 2910 Caesare
918 2849 1076 2923 ¹Hispaniae

120 2933 253 2990 Baeticae
269 2936 429 3007 praelectus
443 2940 520 3005 erat,
534 2941 562 2990 et
574 2934 605 2990 1.
620 2935 774 2992 Munatium
787 2937 936 3004 Plancum,
951 2935 998 3006 qui
1013 2933 1077 2989 Gal-

121 3017 189 3073 liam
201 3019 363 3075 ulteriorem
376 3020 504 3089 tenebat,
520 3020 686 3089 commovit,
699 3024 731 3075 ut
744 3020 781 3077 ad
794 3020 947 3077 Antonium
960 3018 1076 3075 abirent.

120 3118 151 3159 v.
165 3098 316 3159 Drumann'.
330 3104 349 3161 1.
364 3119 389 3160 c.
402 3120 432 3177 p.
445 3101 518 3165 855.
533 3119 575 3174 sq.
590 3102 717 3176 Denique
730 3120 757 3161 a.
772 3104 800 3160 d.
813 3104 849 3159 V.
857 3103 918 3159 Kal.
929 3101 1076 3159 Decembr.

120 3183 307 3257 Octavianus,
331 3187 470 3245 Antonius
491 3187 662 3261 et·Lepidus
682 3189 885 3246 mumviratum
903 3188 934 3242 in
954 3189 1076 3260 quinque

120 3284 213 3325 55555
223 3272 352 3340 inierunt,
363 3273 467 3329 bellum
474 3278 571 3331 contra
578 3272 698 3329 Brutum
710 3271 870 3329 etGessium
880 3272 1077 3341 decreverunt,

120 3355 231 3409 tabulas
245 3356 479 3427 proscriptionum
493 3357 643 3415 ediderunt
656 3362 685 3413 et
697 3356 859 3430 provincias
872 3356 944 3411 inter
957 3372 989 3411 se
1004 3356 1077 3411 divi·

121 3444 230 3511 serunt.
262 3438 430 3497 Octavianus
450 3440 575 3498 Atticam
595 3446 624 3498 et
643 3441 751 3498 insum
764 3440 851 3497 maris
869 3437 1081 3506 mediterranei,
