2326 3780
378 170 573 233 nmmuos
593 171 667 232 ma
680 134 732 233 ni.
974 170 1038 237 aot
1117 156 1122 165 ’

128 323 299 401 raecipiant,
315 338 373 384 nos
389 339 469 398 aera,
485 340 603 399 manus,
618 325 740 387 nonulla
754 326 872 387 demus.

128 416 269 483 caeterea,
286 409 337 484 qui
352 408 432 468 dicta
447 410 544 469 lerant
557 418 588 470 et
600 410 727 471 foedera
740 410 869 488 firment,
985 419 1038 475 330

128 499 228 553 entum
243 499 380 554 oratores
395 493 494 569 prima
508 493 547 553 de
562 500 653 569 gente
665 493 791 556 Latinos

128 593 149 636 e
163 578 271 653 placet,
287 577 436 654 pacisque
449 593 542 638 manu
555 579 758 654 praetendere
770 594 883 652 ramos,

128 661 229 721 lunera
242 668 398 738 portantes
414 662 541 736 aurique
555 662 720 737 eborisque
734 664 848 723 talenta

129 754 138 805 t
152 747 258 805 sellam
272 746 357 821 regni
371 745 569 821 trabeamque
583 747 715 822 insignia
729 747 836 831 nostri.

129 830 256 890 onsulite
269 830 300 889 in
315 830 448 890 medium
463 836 493 889 et
505 830 598 891 rebus
613 832 779 892 succurrite
794 830 924 891 iussist“
985 838 1037 894 335

129 930 153 972 m
166 914 312 986 Drances,
328 914 409 974 idem
423 914 570 989 infensus,
580 926 679 990 'quem
692 916 791 991 gloria
803 914 894 977 'huni

128 998 210 1073 liqua
223 998 338 1058 invidia
352 998 542 1075 stimulisque
557 999 691 1074 agitabat
704 1001 825 1075 amaris,

129 1098 196 1156 rgus
212 1098 304 1159 opum
319 1089 348 1142 et
362 1083 465 1159 lingua
478 1083 594 1158 melior,
610 1085 667 1144 sed
682 1084 793 1159 lrigida
802 1082 885 1144 bello

128 1172 219 1241 xtera,
237 1167 372 1228 consiliis
387 1167 509 1228 habitus
523 1183 585 1228 non
600 1168 693 1229 lutilis
708 1175 823 1244 auctor,

128 1251 237 1312 ditione
251 1259 361 1327 potens
373 1274 401 1306 -=
423 1267 520 1326 genus
534 1252 605 1313 huic
619 1260 755 1313 materna
770 1253 935 1330 superbum
986 1259 1039 1335 310

128 1335 226 1395 bilitas
242 1335 344 1410 dabat,
360 1335 507 1395 incertum
521 1336 560 1394 de
575 1344 661 1411 patre
676 1336 793 1397 terebat
803 1370 831 1412 -,

127 1419 183 1494 rgit
197 1417 288 1479 ethis
304 1424 410 1479 onerat
424 1419 512 1478 dictis
528 1426 620 1495 atque
633 1427 760 1495 aggerat
772 1421 850 1482 irasc

128 1518 177 1561 em
191 1502 265 1562 nulli
281 1501 444 1562 obscuram
458 1509 583 1563 nostrae
596 1518 654 1563 nec
669 1504 756 1564 vocis
771 1512 909 1580 egentem

127 1585 252 1659 onsulis,
268 1601 286 1645 o
301 1585 460 1646 bouerex.
497 1585 602 1647 Cuncti
617 1602 653 1648 se
667 1588 747 1647 scire
760 1588 898 1661 latentur,

128 1669 180 1727 uid
194 1669 315 1729 fortuna
329 1670 406 1729 ierat
418 1671 541 1746 populi,
565 1672 621 1731 sed
638 1671 740 1732 dicere
754 1679 902 1733 mussant.
986 1680 1038 1735 345

129 1759 158 1812 et
171 1752 339 1813 libertatem
355 1754 437 1814 sandi
452 1753 606 1831 flatusque
619 1756 758 1832 remittat,

127 1837 194 1897 uius
209 1837 248 1897 ob
263 1837 434 1913 auspicium
448 1838 612 1899 infaustum
626 1854 793 1915 moresque
807 1839 972 1901 sinistros·
1040 1916 1043 1921 Ι

128 1921 207 1980 icam
222 1922 372 1997 equidem,
388 1922 458 1982 licet
472 1938 556 1983 arma
569 1924 642 1983 mihi
656 1932 846 2000 mortemque
858 1925 1011 1985 minetur-

126 2006 228 2066 umina
242 2013 286 2065 tot
301 2006 452 2067 cecidisse
468 2007 589 2081 ducum,
604 2015 760 2084 totamque
773 2009 914 2071 videmus

126 2089 288 2150 onsedisse
301 2090 407 2151 urbem
421 2091 512 2168 luctu
529 2093 601 2152 dum
615 2093 705 2153 troia
719 2099 814 2153 tentat
985 2100 1038 2155 350

125 2181 216 2249 astra,
232 2174 446 2249 ingerendam,
463 2183 493 2237 et
507 2177 626 2237 coelum
640 2178 755 2238 territat
770 2176 871 2237 armis.

126 2260 199 2317 'num
213 2259 303 2318 etiam
319 2259 408 2319 donis
423 2259 499 2336 istis,
515 2276 595 2337 quae
610 2262 739 2338 plurima
751 2262 827 2321 mitti

128 2341 283 2402 ardauidis
299 2342 422 2419 dicique
436 2345 533 2420 iubes,
547 2363 649 2419 unum,
666 2347 779 2422 optime
792 2360 907 2421 regum,

126 2425 246 2501 diicias,
261 2434 362 2488 necte
376 2428 466 2489 ullius
481 2429 626 2489 violentia
639 2430 749 2506 vincat,

125 2509 178 2570 uin
191 2517 292 2570 natam
307 2513 429 2588 egregio
445 2529 559 2589 genero
574 2514 739 2590 dignisque
752 2512 930 2591 hymenaeis
982 2520 1035 2575 355

128 2609 162 2653 es
176 2601 272 2669 pater,
287 2601 318 2656 et
331 2612 439 2674 pacem
453 2597 533 2658 hanc
548 2605 671 2659 aeterno
688 2598 814 2659 loedere
827 2597 941 2657 limnas.

127 2679 188 2739 uod
202 2678 229 2739 si
243 2686 345 2740 tantus
358 2680 450 2743 habet
463 2691 580 2743 mentes
597 2688 631 2743 et‘
640 2690 767 2759 pectora
780 2688 892 2753 terrun

125 2779 202 2824 »sum
217 2763 411 2839 obtestemur,
426 2767 609 2843 veniamque
623 2784 746 2829 oremus
760 2766 799 2827 ab
813 2766 894 2842 ipso,

125 2848 201 2923 edat,
217 2847 265 2909 ius
279 2850 437 2925 proprium
450 2852 515 2927 regi
530 2853 708 2929 patriaeque
721 2852 861 2912 remittat.

125 2931 177 2993 uid
190 2932 321 3009 miseros
335 2935 426 2995 toties
441 2935 472 2995 in
487 2944 592 3013 aperta
606 2938 743 3012 pericula
757 2936 842 2995 cives
982 2941 1035 2997 360

124 3015 233 3093 roiicis,
250 3032 268 3077 o
281 3016 368 3081 Latio
384 3026 476 3096 caput
489 3020 599 3081 horum
613 3029 643 3081 et
657 3036 751 3080 causa
765 3018 933 3078 malorumt

125 3098 186 3159 ulla
199 3102 283 3162 salus
297 3101 394 3176 bello;
416 3120 526 3180 pacem
538 3111 569 3165 te
582 3105 740 3181 poscimus
755 3116 872 3175 omnes,

123 3199 204 3256 ume,
221 3185 310 3246 simul
323 3188 411 3263 pacis
426 3189 524 3249 solum
538 3188 714 3249 inviolabile
727 3188 848 3263 pignus.

123 3265 214 3327 rimus
230 3283 298 3343 ego,
312 3270 444 3332 invisum
460 3288 551 3347 quem
564 3281 597 3333 tu
610 3273 663 3332 tibi
678 3272 777 3347 fingis,
793 3278 823 3331 et
837 3284 908 3330 esse
955 3281 961 3293 ·

124 3349 144 3408 11
159 3365 270 3424 moror,
286 3369 333 3429 en,
349 3356 481 3431 supplex
494 3357 595 3417 venio.
629 3356 776 3417 Miserere
790 3361 917 3431 tuorum,
979 3362 1033 3419 365

123 3449 182 3496 one
196 3436 314 3498 animos
329 3445 359 3500 et
371 3441 480 3517 pulsus
494 3441 559 3503 abi:
582 3448 630 3503 sut
643 3442 751 3503 lamera
764 3440 826 3501 lusi

351 3532 353 3537 .
777 3523 837 3588 w
