2340 4296
366 644 562 707 nnnumos
583 616 656 705 urs.
670 646 721 707 xi.
962 645 1026 713 aot

64 801 166 862 velati
182 799 274 859 ramis
289 799 377 859 oleae
391 799 576 874 veniamque
591 806 744 873 rogantes,

66 888 213 961 Corpora,
229 898 285 960 per
298 898 425 957 campos
440 884 521 943 ferro
537 898 616 958 qnae
631 884 700 943 tusa
713 882 863 958 iacebant,

65 970 220 1030 Reddcrct
234 982 270 1027 ac
285 967 401 1027 tumulo
416 966 530 1026 sineret
543 967 711 1027 succedere
725 976 839 1028 terrae:

65 1054 186 1114 Nullum
200 1068 268 1111 cum
281 1052 371 1110 victis
384 1058 538 1110 certamen
553 1058 583 1110 et
596 1050 719 1110 aethere
733 1052 848 1123 cassim
907 1048 910 1052 ’

65 1138 206 1197 Parceret
220 1134 392 1211 hospitibus
407 1134 564 1211 quondam
579 1136 758 1210 socerisque
772 1136 901 1197 vocatis.

66 1222 149 1296 Quos
164 1220 265 1280 bonus
278 1224 402 1279 Aeneas
418 1219 500 1291 hand
515 1220 711 1294 aspernanda
725 1229 886 1296 precantes

64 1304 263 1380 Prosequitur
275 1304 366 1363 venia
381 1311 411 1362 et
424 1302 527 1362 verbis
542 1304 618 1362 haec
633 1304 760 1379 iusuper
772 1305 873 1365 addit:

63 1388 239 1466 „Quaenam
253 1403 312 1448 vos
327 1394 411 1447 tanto
426 1388 547 1447 fortuna
560 1388 694 1463 indigna
708 1389 815 1464 Latini,
907 1428 910 1433 -

64 1473 235 1550 „implicuit
247 1472 340 1547 bello,
356 1472 407 1546 qui
422 1487 480 1531 nos
495 1471 617 1546 fugiatis
632 1473 770 1532 amicost
918 1479 923 1491 '

61 1558 193 1633 „Pacem
207 1573 257 1617 me
271 1556 421 1616 exanimis
436 1563 466 1615 et
479 1555 584 1616 illartis
599 1564 681 1616 sorte
696 1558 840 1632 peremtis

64 1641 208 1717 „Oratist
227 1641 379 1716 Equidem
393 1646 424 1699 et
436 1640 517 1700 vivis
533 1641 704 1700 concedere
717 1643 838 1702 vellem.

61 1726 146 1807 „Nec
158 1724 239 1799 veni,
255 1725 314 1785 nisi
329 1725 392 1784 lata
405 1725 505 1784 locum
521 1725 689 1799 sedemque
704 1726 878 1797 dedissent;

63 1811 146 1884 „Nec
159 1809 272 1869 bellum
288 1825 356 1868 cum
371 1815 461 1883 gente
475 1824 566 1884 germ
588 1825 643 1867 rex
658 1818 764 1869 nostra
777 1811 898 1886 reliquit

64 1892 224 1969 „Hospitis
239 1901 270 1953 et
282 1894 373 1952 Turni
388 1893 490 1968 potius
505 1908 541 1952 se
555 1893 685 1952 credidit
699 1895 801 1954 armis.

64 1978 223 2051 „Aequius
239 1976 309 2036 huic
323 1976 455 2037 Turnum
470 1977 568 2036 luerat
583 1992 617 2035 se
632 1992 791 2052 opponere
805 1980 903 2038 morti.
1010 1990 1019 2001 ’

64 2060 119 2134 „Si
132 2060 245 2120 bellum
258 2060 345 2119 ilnue
358 2078 459 2133 manu,
475 2061 501 2120 si
518 2062 631 2135 pellere
645 2061 779 2121 Teucros

10 2202 14 2207 .
65 2147 238 2220 „Apparatz
261 2145 309 2204 his
322 2160 441 2205 mecum
456 2145 558 2205 decuit
573 2161 753 2205 concurrere
766 2146 851 2215 telis;

65 2229 185 2304 „Vixet
201 2229 248 2289 cui
262 2230 354 2290 vitam
369 2230 447 2289 deus
462 2236 513 2289 aut
531 2246 588 2288 sna
603 2230 711 2289 dextra
725 2230 872 2290 dedisset.

64 2313 194 2389 „'Nunc
186 2322 226 2374 rte
241 2320 271 2375 et
285 2315 405 2374 miseris
421 2314 587 2389 supponite
602 2314 743 2374 civibus'
736 2318 866 2390 ignem‘*

62 2398 189 2458 Dixerat
201 2400 340 2469 Aeneas,
364 2398 416 2458 olli
431 2398 616 2473 obstupuere
631 2399 765 2467 silentes

63 2482 275 2557 Conversique
289 2483 397 2543 oculos
414 2483 491 2542 inter
505 2499 539 2543 se
554 2490 585 2542 at
586 2500 646 2557 que
662 2499 716 2542 ora
731 2482 881 2543 tenebant.

62 2566 139 2627 Turn
153 2567 257 2627 senior
270 2583 455 2643 semperque
470 2568 550 2627 odiis
566 2574 596 2627 et
610 2568 735 2627 crimine
749 2568 884 2628 Drances

64 2651 206 2712 infensus
225 2652 327 2711 iuveni
342 2651 441 2711 Turno
457 2652 504 2711 sic
518 2668 571 2712 ore
586 2652 722 2711 vicissim

64 2734 143 2795 Orsa
155 2737 262 2796 refert:
284 2735 328 2811 „0
344 2736 426 2795 suma
439 2736 557 2810 ingens,
573 2737 723 2811 ingentior
736 2736 837 2806 armis,

63 2819 141 2891 „Vir
151 2818 290 2896 liciano,
307 2820 417 2894 quibus
434 2823 520 2881 coelo
535 2828 565 2879 te
580 2821 723 2881 laudibus
738 2827 891 2896 aequemt
973 2830 1023 2884 125

63 2903 257 2975 „Iustitiaene
271 2904 357 2979 prius
372 2905 463 2964 mirer
475 2904 587 2964 belline
602 2905 763 2965 laborum?

63 2987 145 3059 „Nos
160 3004 235 3049 vero
250 2989 328 3048 haec
342 2989 471 3064 patriam
485 2990 561 3064 grati
576 2990 743 3049 reseremus
760 2990 800 3049 ad
816 2988 930 3063 urbem,

36 3140 39 3145 ¹
61 3070 120 3145 „Et
132 3078 172 3143 te,
188 3074 216 3133 si
231 3088 293 3149 qua
306 3073 387 3131 irtam
402 3074 521 3133 dederit
536 3075 664 3144 ionuna,
680 3073 786 3133 Latino

36 3152 39 3157 '
61 3156 246 3231 „iungemus
260 3158 341 3232 mgb
365 3165 493 3231 quaerat
507 3158 566 3217 sibi
582 3159 709 3217 foedera
721 3160 850 3218 Turnus.

60 3240 158 3313 „Quin
173 3248 204 3302 et
217 3242 325 3301 fatales
340 3257 495 3307 murorum
511 3244 648 3302 attollere
664 3243 769 3313 moles,
973 3250 1023 3304 130

60 3324 226 3401 „Saxaque
240 3326 422 3385 subvectare
437 3326 569 3386 humeris
585 3328 715 3386 Troiana
728 3326 874 3387 iuvabit.“
890 3354 894 3361 ·

59 3408 186 3469 Dixerat
200 3409 286 3479 haec,
302 3426 427 3486 unoque
443 3426 549 3471 omnes
565 3412 673 3470 cadem
689 3426 742 3470 ore
756 3410 934 3471 tremebunt.

58 3491 113 3553 Bis
129 3508 224 3555 senos
237 3495 384 3571 pepigere
399 3496 476 3569 dies,
492 3503 522 3555 et
536 3511 614 3572 pace
628 3502 791 3570 sequestra

57 3576 117 3635 Per
130 3578 227 3639 silvas
240 3579 346 3639 Teucri
362 3581 509 3654 mixtique
524 3580 758 3655 impuneLatini

55 3660 210 3723 Errnvere
223 3662 312 3739 iugis.
347 3662 439 3723 Fcrro
456 3672 546 3724 sonat
560 3665 621 3723 alta
634 3663 759 3741 bipenni
971 3670 1022 3727 1³5

55 3744 225 3819 Fraxinum
247 3753 386 3807 evertunt
399 3756 483 3808 actas
498 3749 539 3808 ad
554 3748 656 3808 sidera
671 3750 776 3824 pinus3

56 3828 184 3892 Robora
197 3846 256 3891 nec
270 3832 376 3892 cuneis
390 3838 421 3892 el
436 3835 567 3893 olentem
582 3833 724 3893 scindere
739 3833 873 3909 cedrum,

55 3914 121 3975 Nec
136 3916 281 3993 planstris
295 3924 420 3977 cessant
434 3924 555 3979 vectare
570 3919 765 3995 gementibus
779 3934 892 3979 ornes.
