2326 3780
336 176 530 237 nunnioos
551 178 693 243 unxi.
932 178 996 243 eoo
1051 163 1057 177 '

105 332 146 393 od
161 332 253 391 vitam
266 346 371 391 moror
385 331 524 403 invisam,
538 329 671 391 Pallante
686 340 833 408 peremto,
910 399 914 407 ,

107 423 190 477 utera
204 431 299 476 causa
312 421 364 474 tua
378 421 434 487 est,
450 408 581 474 Turnum
594 422 748 490 gnatoque
763 416 902 493 patrique

108 518 153 561 am
169 498 281 560 debere
296 499 394 559 vides.
428 498 544 558 Meritis
560 505 648 559 vacat
661 499 711 559 hic
725 499 779 560 tibi
793 501 877 560 solus

110 592 269 659 lunaeque
284 584 381 643 locus.
415 583 482 643 Non
497 583 578 642 vitae
592 583 705 657 gaudia
720 599 834 658 quaero
847 617 860 627 -
943 593 995 650 18⁰

111 686 119 730 t
134 669 217 743 fas-,
239 668 296 727 sed
311 672 402 742 gnato
416 666 524 726 Manes
539 667 675 742 perferre
690 668 746 728 sub
762 668 870 729 imos.“

113 769 199 815 urora
213 752 327 811 interea
340 751 461 811 miseris
475 750 654 810 mortalibus
668 752 779 812 almam

116 839 192 896 lerat
205 837 312 909 luccm,
328 835 465 895 referens
480 851 575 910 opera
589 841 680 910 atque
695 836 833 895 labores=

116 926 201 998 pater
213 921 345 991 Aeneas,
361 919 422 978 iam
436 934 531 978 curvo
546 918 576 977 in
591 919 680 978 litore
693 919 832 980 Tarchon

120 1006 226 1065 tituere
240 1021 347 1080 pyras.
381 1004 447 1064 Huc
464 1019 596 1078 corpora
611 1003 746 1080 quisque
758 1019 882 1066 suorum
945 1011 996 1067 185

119 1113 123 1143 t
137 1090 232 1148 tulere
239 1095 374 1164 patrum,
391 1087 598 1163 subiectisque
612 1087 733 1162 ignibus
749 1089 822 1149 atris

121 1173 183 1234 itur
196 1174 227 1232 in
241 1172 383 1233 tenebras
399 1172 491 1232 altum
506 1172 635 1246 caligine
650 1174 779 1235 coelum.
979 1176 1000 1239 0

122 1258 221 1317 ircum
235 1271 385 1316 accensos
401 1255 490 1314 cincti
504 1255 688 1330 fulgentibus
703 1257 795 1317 armis

123 1357 204 1401 rrere
220 1356 330 1414 rogos;
352 1345 399 1399 ter
411 1344 561 1399 maestum
575 1339 689 1412 funeris
704 1341 805 1415 ignem
844 1334 848 1341 ’
949 1378 951 1383 ·

124 1439 219 1485 avere
233 1424 264 1482 in
279 1422 377 1497 equis,
392 1422 585 1497 ululatusque
600 1438 653 1481 ore
669 1423 791 1483 dedere.
944 1432 996 1487 190
1026 1486 1029 1491 ,

125 1509 197 1583 gitur
210 1513 241 1565 et
253 1507 342 1566 tellus
357 1505 497 1578 lacrimis,
514 1510 698 1580 sparguntur
711 1513 741 1566 et
754 1523 852 1577 arma3
893 1552 896 1559 .

127 1593 165 1650 >lo
181 1591 356 1665 clamorque
370 1589 469 1649 virdm
484 1589 671 1664 clangorque
686 1590 836 1651 tubarum.

130 1673 180 1733 alii
196 1673 296 1748 spolia
311 1673 422 1733 occisis
438 1673 565 1747 derepta
578 1672 693 1731 Latinis
738 1730 741 1734 .

129 1758 209 1818 ciunt
223 1758 293 1832 igni,
309 1758 414 1831 galeas
429 1771 582 1831 ensesque
596 1756 737 1830 decoros,

130 1858 198 1919 tque
213 1841 429 1916 ferventesque
442 1846 543 1911 rotas;
566 1855 639 1915 pars
653 1855 780 1900 munera
793 1847 873 1914 nota,
945 1849 996 1904 195

132 1944 180 1987 um
194 1925 311 2002 clipeos
326 1934 357 1986 et
370 1939 432 1985 non
448 1924 548 1984 felicia
560 1925 631 1984 tela.

144 2011 237 2070 boum
252 2010 335 2070 circa
347 2016 515 2070 mactantur
529 2023 660 2084 corpora
672 2005 772 2080 Morti,

134 2110 256 2169 trosque
271 2110 344 2154 sues
358 2100 525 2170 raptasque
540 2109 579 2153 ex
594 2091 734 2152 omuibus
749 2089 831 2165 agris

136 2195 240 2239 nmam
252 2178 390 2252 iugulant
403 2178 550 2254 pecudes.
585 2176 660 2236 Tum
673 2176 761 2235 litore
775 2179 838 2234 toto

137 2271 190 2324 ttes
206 2268 345 2339 spectant
360 2262 473 2334 socios,
489 2259 696 2336 semiustaque
711 2265 834 2319 servant
945 2267 997 2320 200

139 2393 143 2415 ,
158 2362 258 2420 neque
273 2345 363 2406 avelli
377 2352 516 2422 possunt,
532 2361 595 2405 nox
608 2343 847 2404 humidadonec

140 2430 163 2490 it
177 2430 297 2491 coelum
312 2431 407 2491 stellis
422 2429 598 2491 ardentibus
613 2434 725 2504 aptum.

141 2513 214 2575 tinus
230 2521 260 2574 et
272 2514 375 2575 miseri
390 2515 512 2575 diversa
526 2515 557 2573 in
572 2519 657 2589 parte
671 2511 767 2572 Latini

143 2614 217 2658 teras
232 2604 370 2659 struxere
384 2615 495 2676 pyras=
518 2604 548 2659 et
562 2612 693 2673 corpora
706 2595 815 2672 partim

146 2682 245 2743 virdm
260 2690 359 2744 terrae
375 2683 534 2756 infodiunt,
550 2687 718 2756 avectaque
731 2679 841 2756 partim
942 2687 996 2743 aas

145 2783 194 2827 ros
208 2767 317 2827 tollunt
330 2766 361 2827 in
376 2783 467 2842 agros
481 2767 611 2843 urbique
624 2765 792 2835 remittunta
853 2817 858 2828 .

147 2897 154 2926 ,
171 2851 380 2927 confusaeque
394 2852 546 2926 ingentem
560 2850 664 2911 caedis
679 2864 832 2920 acervum,

148 2951 240 2995 macro
255 2949 313 2994 nec
326 2935 444 2995 honore
458 2941 608 2995 crementa
629 2940 700 2993 tunc
714 2931 850 3006 undique
865 2929 942 2989 vasti
1059 2960 1061 2965 ,

149 3035 180 3078 m
194 3019 308 3079 crebris
324 3021 473 3080 collucent
487 3019 608 3094 ignibus
623 3019 696 3092 agri.
777 3039 780 3045 ·

152 3103 204 3163 lux
217 3103 349 3177 gelidam
364 3103 451 3163 coelo
467 3103 638 3163 dimoverat
650 3099 802 3161 umbram=
911 3118 913 3123 ·
944 3103 998 3160 elo

152 3192 210 3246 rtes
225 3187 317 3246 altum
331 3187 463 3246 cinerem
477 3192 507 3247 et
521 3185 650 3245 confusa
662 3183 791 3243 ruebant

153 3268 224 3342 ocis,
237 3269 404 3346 tepidoque
419 3269 586 3330 onerabant
600 3281 712 3343 aggere
726 3266 835 3327 terrae.

154 3367 192 3411 no
207 3352 238 3411 in
252 3353 348 3427 tectis,
364 3353 542 3429 praedivitis
557 3352 631 3413 urbe
645 3350 751 3424 Latini,
786 3408 789 3415 .

155 3452 225 3497 tuus
241 3437 344 3511 fragor
357 3444 387 3498 et
399 3437 483 3513 longi
498 3453 570 3515 pars
585 3435 718 3496 maxima
731 3436 845 3497 luctus.
911 3473 913 3477 ν
