2326 3780
25 3482 71 3552 h

103 182 169 247 360
378 176 412 235 Ρ.
431 172 595 235 VIRGILll
615 172 812 235 MARONIS

103 332 205 395 Prima
216 330 389 393 rudimenta
402 334 436 390 et
447 328 564 404 primos
577 326 744 402 exegimus
762 340 884 403 annos,

104 418 223 493 Accipe
237 414 320 476 dona
332 427 403 474 meo
416 413 543 472 multum
556 411 685 486 vigilata
698 410 827 485 labore,
1047 421 1071 472 a

105 501 143 563 Et
157 500 311 576 promissa
325 498 379 559 diu
392 510 581 571 nonmagna
595 495 730 556 exordia
742 495 866 555 rebus=

106 584 203 661 Impia
217 582 367 663 pgodiglis
381 588 416 642 ut
430 581 586 657 qnondam
599 579 750 640 exterrita
765 580 891 641 amoris

108 668 214 744 Scylla
228 682 329 727 novos
343 666 446 726 avium
461 663 600 725 sublimis
613 664 645 723 in
659 666 737 723 aere
749 672 870 725 coetus

107 751 237 823 Viderit,
253 757 282 810 et
296 750 379 811 tenni
393 749 608 809 conscendens
622 746 751 807 aethera
766 764 881 823 penna

110 835 265 896 Caeruleis
280 850 338 895 sua
349 840 431 894 tecta
444 831 714 909 supervolitaverit
727 832 802 906 alis,
1050 842 1075 893 tv

108 918 195 978 Hanc
209 934 266 994 pro
281 933 436 993 purpureo
451 933 583 994 poenam
597 917 748 976 scelerata
764 917 889 992 capillo

108 1002 230 1076 Proque
243 1002 339 1077 patris
355 1002 481 1062 solvens
496 1000 602 1061 excisa
615 999 753 1059 funditus
769 1000 866 1060 urbe.

111 1086 288 1161 Complures
306 1086 389 1144 illam
402 1091 432 1145 et
445 1084 557 1161 magni,
570 1083 714 1158 Messala,
729 1087 852 1158 poetae
864 1118 878 1127 -

109 1170 186 1228 Nam
200 1184 306 1229 verum
320 1170 485 1229 fateamur:
508 1174 588 1229 amat
600 1167 816 1243 Polyhymnia
832 1185 950 1231 verum
960 1204 974 1213 -

109 1252 214 1326 Longe
228 1252 289 1311 alia
302 1252 464 1327 perhibent
476 1260 623 1313 muham
635 1251 773 1311 membra
788 1252 915 1327 figura:
1050 1264 1074 1315 55

111 1334 284 1410 Scyllaeum
300 1350 411 1396 saxum
425 1344 563 1397 monstra
576 1336 719 1396 insectata
733 1338 868 1407 vocari;

109 1419 196 1478 illam
208 1418 393 1493 Messanam,
410 1436 503 1497 quarn
517 1436 613 1495 saepe
626 1420 765 1494 legamus
780 1420 883 1496 Ulixi,

112 1502 250 1563 Candida
264 1504 452 1565 succinctam
466 1503 644 1564 latrantibus
659 1503 787 1577 inguina
801 1507 976 1582 monstriS,

110 1586 266 1647 Dulichias
281 1603 415 1648 vexasse
427 1596 510 1648 rates
526 1594 557 1647 et
569 1588 686 1663 gurgite
701 1587 733 1645 in
747 1587 813 1647 alto

110 1671 288 1747 Deprensos
303 1679 411 1731 nautas
426 1672 554 1733 canibus
568 1673 722 1731 lacerasse
737 1673 885 1732 marinis.
1051 1681 1077 1735 tt

112 1755 175 1815 Sed
190 1770 290 1831 neque
304 1755 464 1815 Maeoniae
478 1756 555 1814 haec
569 1756 722 1831 patiuntur
737 1755 875 1816 credere
891 1758 1023 1819 chartae

110 1840 173 1899 Nec
188 1839 286 1899 malus
300 1840 427 1899 istorum
442 1839 544 1900 dubiis
559 1838 714 1900 erroribus
729 1845 855 1899 auctor.

110 1923 247 1999 Namque
262 1923 338 1983 alias
353 1923 404 1983 alii
418 1924 510 1999 vulgo
525 1923 643 1983 finxere
656 1923 788 1998 puellas,

112 2006 196 2080 Quae
210 2006 438 2082 Colophoniaco
455 2006 579 2084 Scyllae
593 2007 731 2066 dicantur
744 2006 905 2069 Homero.

110 2090 183 2166 Ipse
199 2089 336 2150 Crataein
350 2091 393 2150 ait
405 2098 548 2159 matrem;
570 2092 627 2150 sed
642 2091 709 2150 sive
722 2089 880 2168 Crataeis,
1055 2104 1084 2157 ti

113 2174 186 2234 Sive
199 2175 281 2233 illam
295 2180 432 2234 monstro
447 2175 550 2249 gennit
563 2190 709 2250 germana
720 2173 861 2249 bilonui,

113 2257 186 2317 Sive
200 2265 247 2318 est
262 2264 368 2318 neutra
381 2274 504 2334 parens,
520 2264 613 2334 atque
626 2258 686 2318 hoc
700 2257 731 2317 in
746 2260 894 2320 carmine
910 2268 985 2323 toto

110 2341 246 2415 Inguinis
261 2350 308 2401 est
321 2341 426 2401 vitium
441 2348 471 2402 et
483 2342 606 2402 veneris
621 2342 777 2417 descripta
791 2342 919 2416 libido;

112 2424 184 2484 Sive
200 2426 290 2484 etiam
305 2431 352 2485 est
364 2426 451 2485 iactis
466 2424 730 2501 speclem'mutata
745 2428 884 2489 venenis

111 2508 219 2567 infelix
234 2509 320 2583 virgo
335 2540 348 2551 ·
364 2510 438 2584 quid
454 2512 532 2569 enim
547 2510 742 2570 commiserat
755 2509 832 2569 illat
1060 2528 1088 2583 :t

111 2592 182 2667 lpse
195 2592 285 2651 Pater
298 2593 411 2652 nudam
426 2609 521 2654 saeva
535 2594 715 2668 complexus
730 2609 829 2654 arena

112 2675 291 2751 Coniugium
305 2690 396 2735 carae
411 2678 579 2738 violaverat
591 2676 800 2752 Amphitrites.

110 2762 252 2820 Attamen
266 2759 367 2833 exegit
380 2760 472 2834 longo
487 2768 561 2836 post
574 2768 711 2836 tempore
724 2776 860 2838 poenae,

110 2845 158 2917 Ut,
174 2860 243 2905 curn
258 2859 332 2903 cura
346 2844 394 2904 sui
410 2845 572 2905 veheretur
586 2844 725 2919 coniugis
740 2845 815 2917 alto,

110 2928 183 3003 Ipsa
195 2935 311 2989 trucem
324 2929 417 2988 multo
432 2929 575 2989 misceret
588 2929 737 3003 sanguine
751 2936 889 3003 pontum
902 2960 938 3007 -3
1062 2950 1092 3007 :5

112 3011 174 3072 Seu
188 3027 271 3082 vero,
287 3019 319 3071 ut
334 3011 502 3087 perhibent,
518 3014 616 3073 lorma
631 3027 700 3073 curn
712 3012 858 3076 vinceret
872 3032 999 3086 omnes
1019 3012 1022 3017 ’

108 3094 147 3154 Et
161 3096 292 3170 cupidos
307 3103 437 3171 quaestu
451 3097 569 3172 passim
578 3092 745 3172 'popularet
760 3108 923 3179 amanteS,

107 3176 247 3239 Piscibus
262 3185 293 3239 et
307 3179 434 3241 canibus
447 3181 564 3241 rabidis
579 3180 691 3241 vallata
705 3190 838 3255 repente

108 3260 277 3323 horribiles
291 3262 404 3325 circum
420 3264 495 3324 vidit
508 3280 544 3325 se
558 3264 668 3325 sistere
682 3266 800 3325 lorrnas
810 3298 825 3309 —

107 3342 175 3404 Heu
190 3348 310 3419 quoties
324 3348 432 3407 mirata
445 3363 545 3409 novos
559 3348 705 3424 expalluit
719 3356 808 3410 artus
1062 3376 1096 3429 go

107 3426 179 3502 lpsa
193 3437 283 3490 snos!
307 3431 426 3507 quoties
440 3432 503 3493 heu
516 3433 668 3507 pertimuit
681 3434 824 3495 latratus!
840 3470 874 3515 -,
