2326 3780
190 196 254 261 170
467 194 497 253 P.
521 193 682 255 VIRGILII
701 193 876 263 andaonis

185 357 228 411 At
242 350 339 408 laetus
353 345 539 418 Mnestheus,
556 361 765 421 successuque
779 347 878 407 acrior
891 348 972 426 ipso,
1105 358 1159 411 ala

185 433 318 509 Agmine
331 446 483 491 remorum
499 430 589 490 celeri
604 430 767 504 ventisque
782 432 899 492 vocatis

185 517 287 577 Prona
300 515 376 591 petit
389 516 486 573 maria
499 521 530 574 et
543 514 654 589 pelago
670 514 803 573 decurrit
817 524 933 590 aperto.

186 601 291 676 Qualis
307 599 456 675 spelunca
469 597 570 658 subito
587 604 739 658 commota
753 598 902 672 columba,
960 640 965 649 .

186 685 241 746 Cui
257 686 367 745 domus
383 690 413 743 et
426 683 533 743 dulces
547 681 701 742 latebroso
716 681 747 740 in
761 683 882 756 pumice
896 683 978 757 nidi,

185 769 292 830 Fertur
306 770 338 827 in
352 783 427 827 arva
442 766 550 825 volans
563 767 768 841 plausumque
782 767 924 827 exterrita
937 769 1053 843 pennis
1103 779 1157 832 215

185 853 244 914 Dat
257 860 338 913 tecto
353 852 514 925 ingentem,
530 864 605 909 mox
617 852 690 909 aere
702 850 792 924 lapsa
807 850 910 924 quieto

184 937 277 998 Radit
291 938 348 996 iter
362 933 519 1010 liquidum,
535 933 652 992 celeres
667 948 769 1009 neque
783 941 956 994 commovet
970 934 1057 996 alas:

185 1021 238 1081 Sic
252 1018 441 1089 Mnestheus,
457 1017 502 1076 sic
516 1016 586 1091 ipsa
600 1017 684 1091 lugat
697 1024 782 1078 secat
795 1018 900 1078 ultima
912 1018 1019 1079 Pristis

185 1108 340 1179 Aequora,
357 1102 402 1162 sic
417 1101 498 1160 illam
512 1101 569 1160 lert
582 1100 712 1176 impetus
730 1102 799 1176 ipse
814 1103 977 1162 volantem.

185 1189 222 1248 Et
236 1188 366 1263 primum
381 1186 412 1244 in
427 1185 556 1259 scopulo
571 1185 733 1245 luctantem
748 1186 861 1246 deserit
878 1186 938 1245 alto
1103 1201 1157 1253 aaa

186 1272 370 1346 Sergestum
378 1268 586 1345 brevibusque
599 1269 699 1345 vadis,
716 1271 889 1345 frustraque
902 1278 1071 1333 vocantem

184 1355 310 1416 Auxilia
325 1360 354 1414 et
369 1353 471 1412 lractis
487 1353 655 1414 discentem
670 1370 791 1414 currere
804 1355 906 1415 remis.

185 1439 262 1499 Inde
276 1439 364 1515 Gyan
379 1438 541 1513 ipsamque
556 1438 668 1513 ingenti
682 1439 763 1497 mole
778 1438 966 1498 Chimaeram

188 1522 407 1599 consequitur=
430 1522 519 1597 cedit,
536 1523 679 1598 quoniam
694 1522 826 1598 spoliata
840 1523 984 1597 magistro
999 1533 1061 1586 est.

188 1607 280 1668 Solus
295 1608 418 1681 iamque
432 1606 501 1682 ipso
517 1613 659 1682 superest
672 1605 704 1666 in
718 1607 779 1667 line
795 1606 974 1667 Cloanthus:
1099 1621 1152 1675 225

188 1692 282 1766 Quem
293 1692 371 1767 ‚petit
385 1696 415 1750 et
429 1692 554 1751 summis
568 1690 699 1751 annixus
714 1690 830 1751 viribus
846 1697 962 1766 urguet

184 1777 261 1836 Tum
275 1791 349 1836 vero
364 1775 528 1850 ingeminat
541 1776 663 1850 clamor,
679 1775 840 1848 cunctique
855 1782 1038 1848 sequentem

186 1860 335 1935 instigant
348 1859 466 1934 studiis,
481 1866 666 1933 resonatque
679 1859 850 1933 fragoribus
863 1859 976 1919 aether.

185 1944 225 2004 Ηί
239 1944 396 2020 proprium
410 1943 505 2003 decus
521 1950 550 2003 et
563 1950 682 2020 partum
696 1943 891 2018 indignantur
904 1942 1059 2006 honorem

186 2028 223 2087 Ni
236 2035 366 2104 teneant,
381 2026 536 2101 vitamque
550 2027 655 2086 volunt
670 2040 725 2102 pro
740 2027 831 2088 laude
845 2026 976 2102 pacisci,
1098 2040 1150 2093 230

186 2112 253 2173 Hos
267 2128 431 2173 successus
446 2111 513 2171 alit:
535 2117 674 2186 possunt,
691 2111 763 2185 quia
776 2126 872 2188 posse
885 2111 1040 2172 videntur.

187 2197 225 2257 Et
239 2198 303 2258 lors
318 2196 456 2272 aequatis
472 2195 628 2270 cepissent
640 2194 777 2270 praemia
789 2195 906 2268 rostris,

186 2278 223 2341 Ni
236 2282 355 2357 palmas
369 2287 464 2356 ponto
478 2279 608 2339 tendens
622 2286 769 2354 utrasque
783 2279 947 2339 Cloanthus

186 2363 391 2439 Fudissetque
404 2378 523 2440 preces,
539 2363 691 2438 divosque
705 2364 823 2423 invola
835 2369 990 2423 vocasset.

187 2446 254 2523 „Di
271 2447 382 2522 quibus
396 2448 555 2524 imperium
569 2455 617 2508 est
626 2447 736 2523 pelagi,
754 2463 882 2522 quorum
894 2462 1035 2521 aequora
1046 2466 1147 2523 curro,

186 2530 304 2607 „Vobis
319 2533 416 2591 laetus
431 2546 488 2607 ogo
504 2532 564 2592 hoc
579 2532 758 2591 candentem
772 2532 802 2590 in
817 2532 903 2592 litore
916 2538 1041 2596 tautum
1099 2545 1148 2600 aaa

186 2578 393 2691 :iconstituam
408 2622 477 2674 ante
492 2631 571 2688 aras,
586 2616 651 2675 voti
664 2631 745 2686 reus,
762 2622 892 2690 extaque
907 2615 1010 2677 salsos

155 2662 392 2786 ’J'Porriciam
383 2715 415 2757 1n
429 2697 539 2759 fluctus
555 2707 585 2760 et
600 2700 671 2759 vina
685 2698 830 2775 liquentia
844 2698 1007 2759 lundam!“

155 2745 276 2855 Dixit,
293 2797 423 2856 eumque
438 2782 506 2843 imis
522 2783 578 2843 sub
594 2781 735 2844 fluctibus
750 2782 845 2842 audiit
860 2783 957 2843 omnis

185 2866 348 2926 Nereidum
361 2865 533 2942 Phorcique
548 2867 659 2928 chorus
674 2863 879 2942 Panopeaque
894 2866 991 2944 virgo,
1100 2884 1150 2937 240

185 2950 289 3010 Ett
236 2958 289 3025 pat
290 2965 324 3010 er
337 2951 406 3025 ipse
419 2968 510 3010 manu
524 2966 635 3026 magna
648 2949 797 3012 Portunus
813 2958 933 3010 euntem
946 2998 949 3007 .

185 3034 320 3110 Impulitr
343 3035 393 3094 illa
408 3035 485 3096 Noto
501 3034 588 3096 citius
604 3034 783 3110 volucrique
798 3034 908 3109 sagitta

185 3119 349 3179 Adterram
364 3119 448 3193 fugit,
463 3126 494 3179 et
507 3126 598 3195 portu
611 3134 647 3179 se
662 3118 798 3179 condidit
811 3119 883 3179 alto.

183 3202 259 3261 Tum
274 3208 359 3262 satus
373 3201 519 3276 Anchisa,
536 3202 651 3263 cunctis
667 3218 707 3263 ex
720 3217 806 3263 more
818 3200 947 3277 vocatis,

184 3286 340 3345 Victorem
353 3302 465 3361 magna
478 3287 640 3364 praeconis
656 3301 732 3347 voce
748 3284 927 3347 Cloanthum

179 3368 333 3448 Declarat,
349 3368 502 3448 viridique
516 3370 637 3431 advelat
651 3376 789 3445 tempora
802 3370 898 3442 lauro,

170 3453 376 3539 Muneraque
389 3457 422 3521 in
436 3472 538 3521 naves
550 3463 658 3517 ternos
671 3454 949 3531 optareiuuencos-
