2326 3780
364 192 559 253 AENEIDOS
579 195 652 255 LlB.
666 197 689 256 1.

57 345 223 416 Condebat,
239 345 329 406 donis
344 347 519 421 opulentum
534 353 564 405 et
578 347 700 406 numine
714 348 813 424 divae,

56 432 157 491 Aerea
171 429 219 489 cui
233 430 378 504 gradibus
390 428 555 504 surgebant
568 429 679 505 limina,
695 438 853 510 nexaeque

57 517 137 575 Aere
150 513 261 589 trabes,
277 514 393 575 loribus
408 513 501 573 cardo
516 513 663 575 stridebat
676 515 793 576 ahenis.

56 599 123 660 Hoc
137 599 266 674 primum
279 599 310 658 in
324 598 393 658 luco
408 612 490 657 nova
503 612 554 658 res
568 597 671 658 oblata
683 600 820 661 timorem
954 611 1005 662 450

56 683 162 756 Leniit,
178 682 227 741 hic
241 683 371 758 primum
385 682 508 742 Aeneas
523 698 649 757 sperare
662 683 791 744 salutem
874 732 880 745 .

55 769 170 840 Ausus,
185 773 215 825 et
229 765 349 826 alllictis
363 766 471 826 melius
486 767 640 826 confidere
654 767 762 828 rebus:
830 836 832 841 Ι

55 852 193 927 Namque
208 851 264 910 sub
279 852 392 926 ingenti
406 851 514 911 lustrat
528 851 598 910 dum
613 851 732 926 singula
745 853 867 928 templo,

55 935 203 1011 Reginam
215 936 387 1011 opperiens,
404 935 484 1009 dunt,
500 951 579 1010 quae
593 935 713 995 lortuna
726 937 766 996 sit
779 936 854 1010 urbi,

55 1020 274 1094 Artificumque
288 1035 395 1079 manus
410 1020 489 1080 inber
501 1035 536 1078 se
551 1034 739 1094 operumque
752 1020 887 1080 laborem
952 1027 1003 1081 455

55 1102 188 1178 Miratur,
204 1104 288 1164 videt
301 1105 410 1164 iliacas
425 1119 465 1164 cx
479 1102 585 1163 ordine
599 1120 718 1180 pugnas

55 1172 202 1262 Bellaque
216 1187 276 1247 inm
290 1188 372 1247 lama
384 1194 480 1248 totum
493 1189 616 1263 tulgata
629 1204 684 1265 per
698 1189 811 1261 orbem,

56 1271 179 1331 Atridas
193 1271 404 1346 Priamumque
419 1274 449 1332 'et
463 1287 589 1332 saevum
603 1272 752 1333 ambobus
767 1271 915 1331 Achillen.

57 1354 196 1414 Constitit
210 1361 240 1414 et
254 1354 415 1415 lacrimans
430 1355 522 1430 „Quis
536 1357 596 1414 iam
610 1357 715 1416 locus“
724 1357 827 1431 ‚inquit
840 1353 983 1429 „Achata

57 1441 160 1511 „Quae
174 1438 258 1512 regio
274 1439 304 1498 in
319 1439 408 1499 terris
421 1440 516 1498 nostri
531 1454 592 1500 non
607 1441 697 1514 plena
712 1439 847 1500 laboris?
954 1444 1005 1499 loo

57 1520 120 1594 „En
134 1519 286 1580 Priamus!
310 1519 386 1582 Sunt
400 1522 449 1580 hic
463 1522 552 1580 etiam
567 1532 622 1581 sua
636 1523 771 1597 praemia
783 1522 881 1593 laudi;

57 1602 154 1678 „Sunt
167 1603 310 1663 lacrimae
322 1618 431 1677 rerum,
446 1611 475 1662 et
489 1610 618 1663 mentem
631 1606 769 1664 mortalia
781 1612 915 1680 tangunt.

57 1685 171 1761 „Solve
184 1692 298 1747 metus:
320 1687 397 1746 leret
409 1685 486 1745 haec
499 1687 631 1762 aliquam
644 1687 699 1746 tibi
713 1688 793 1769 lama
807 1689 963 1749 salutem.“

57 1770 109 1830 Sic
123 1771 172 1844 ait,
187 1776 279 1845 alque
292 1770 424 1829 animum
438 1770 555 1845 pictura
569 1771 668 1845 pascit
681 1771 770 1846 inani,

56 1854 150 1914 Multa
163 1869 297 1930 gemens
313 1855 459 1929 largoque
473 1854 623 1914 humectat
637 1853 760 1914 flumine
774 1854 897 1914 vultum.
953 1865 1005 1919 465

56 1938 194 2013 Namque
207 1938 340 2011 videbat,
356 1939 399 1998 uti
413 1937 562 1999 bellantes
575 1936 722 2014 Pergama
735 1938 848 1998 circum

54 2022 121 2083 llao
135 2024 272 2098 lugerent
286 2022 377 2096 Graii,
391 2029 542 2098 premeret
556 2022 684 2083 Tioiana
697 2024 853 2092 iuventam

54 2106 119 2167 liae
133 2105 280 2183 Phryges,
294 2107 421 2167 instaret
435 2122 524 2167 curru
538 2108 678 2168 cristatus
690 2106 837 2168 Achilles.

54 2191 117 2251 Nec
131 2191 238 2267 procul
252 2190 322 2251 hinc
335 2191 431 2251 Rhesi
445 2191 543 2252 niveis
557 2192 686 2252 tentoria
698 2193 776 2253 velis

54 2275 204 2351 Agnoscit
220 2275 390 2348 lacrimam,
409 2276 508 2363 primo
523 2292 603 2350 quae
616 2274 737 2351 prodita
752 2290 860 2336 somno
949 2283 1002 2338 470

53 2358 189 2435 'lyclides
204 2359 297 2418 multa
308 2358 452 2419 vastabat
465 2360 561 2419 caede
576 2367 725 2432 cruentus,

53 2443 269 2517 Ardentesque
283 2443 390 2503 avertit
403 2459 501 2519 equos
516 2444 546 2503 in
561 2450 669 2517 castra
684 2444 860 2520 priusquam

53 2525 169 2585 Pabula
181 2532 356 2601 gustassent
368 2527 477 2587 Troiae
490 2528 704 2602 Xanthumque
716 2526 874 2591 bibissent

53 2611 142 2671 Parte
155 2610 216 2669 alia
229 2609 347 2684 lugiens
363 2611 484 2671 amissis
498 2612 616 2672 Troilus
631 2610 732 2685 armis,

54 2694 162 2753 lnlelix
176 2708 254 2770 puer
267 2700 359 2767 atquc
373 2694 472 2770 impar
485 2710 671 2771 congressus
681 2692 801 2768 Achilli,
952 2704 1003 2759 475

53 2776 160 2838 Fertru
173 2775 271 2852 cquis,
286 2793 437 2853 curmque
451 2779 556 2839 haeret
569 2778 732 2855 resupinus
747 2779 839 2854 inani,

54 2860 135 2921 Lora
147 2868 255 2922 tenens
268 2869 383 2922 tamen:
405 2862 475 2922 huie
490 2863 656 2939 cervixque
667 2878 836 2938 comaeque
849 2863 1004 2924 trahuntur

54 2944 112 3004 Per
124 2952 243 3018 terram,
258 2952 288 3005 et
301 2962 394 3006 versa
406 2948 508 3022 pulvis
523 2947 696 3008 inscribitur
708 2946 808 3008 hasta.

54 3029 173 3088 interea
187 3030 227 3089 ad
239 3031 384 3106 templum
400 3047 461 3091 non
477 3047 595 3107 aequae
607 3030 740 3091 Palladis
755 3031 840 3091 ibant

56 3110 193 3171 Crinibus
207 3113 318 3175 Iliades
334 3114 446 3190 passis,
462 3117 649 3191 peplumque
663 3114 808 3187 ferebant,
954 3121 1005 3177 teo

55 3193 240 3270 Suppliciter
252 3198 353 3258 tristes
368 3204 398 3258 et
410 3205 519 3259 tunsae
532 3206 658 3276 pectora
671 3199 794 3276 palmis3

54 3277 133 3338 Diva
147 3280 215 3340 solo
228 3280 309 3342 fixos
325 3285 432 3344 oculos
446 3300 557 3345 aversa
569 3283 700 3344 tenebat.

54 3362 113 3423 Ter
126 3362 238 3424 circum
250 3364 361 3451 iliacos
375 3375 549 3444 raptaverat
561 3369 693 3429 Hectora
707 3382 811 3426 muros

52 3450 293 3528 Exanimumque
309 3467 383 3515 euro
399 3466 512 3528 corpus
527 3451 679 3513 vendebat
692 3450 837 3527 Achilles,

95 3551 258 3598 vmcrcros.
785 3542 801 3600 l
