2326 3780
340 202 552 287 ,murinas
573 205 646 263 nro.
667 204 704 266 x.
941 184 1009 265 aas

103 370 114 414 c
130 353 271 428 cuiquam
285 354 377 414 irasci
392 356 563 430 propiusue
576 357 723 416 accedere
737 357 840 429 virtue,

103 438 116 499 l
129 438 238 498 iaculis
252 438 385 512 tutisque
399 440 507 513 procul
522 440 706 500 clamoribus
722 441 847 510 instant;

120 528 222 581 autem
236 521 409 596 impavidus
424 530 527 597 partes
544 531 701 585 cunctatur
716 525 745 582 in
760 539 875 598 omnes,

103 605 200 667 stibus
214 604 400 678 infrendens,
417 613 447 665 et
460 614 546 681 tergo
562 608 676 667 decutit
688 608 809 667 hastas:
956 617 1012 671 775-

103 690 141 750 rd
155 690 248 764 aliter,
265 689 363 749 iustae
378 690 488 766 quibus
504 698 551 751 est
563 690 730 751 Mezentius
745 693 817 769 irae,

103 772 184 834 nulli
199 780 246 832 est
260 773 378 833 animus
394 774 497 833 stricto
512 788 693 845 concurrere
708 776 804 846 ferro;

103 857 218 919 silibus
233 858 323 932 longe
338 866 367 916 et
380 865 469 918 vasto
485 859 618 918 clamore
631 861 796 919 lacessunt.
905 874 908 881 ⁴

103 948 185 1003 terat
198 942 329 1018 antiquis
345 941 470 1018 Corythi
484 943 524 1002 de
537 942 649 1003 finibus
664 946 777 1018 Acron,

104 1027 160 1087 ius
171 1025 272 1098 homo,
285 1027 415 1086 inlectos
427 1027 567 1102 linquens
578 1028 727 1102 profugus
738 1026 942 1104 hymenaeos:
955 1036 1009 1092 llo

106 1125 137 1171 rc
152 1108 204 1168 ubi
218 1110 395 1169 miscentem
409 1111 500 1186 longe
515 1112 616 1170 media
630 1112 752 1186 agmina
764 1111 849 1187 vidit,

109 1209 235 1273 pureum
249 1194 359 1269 pennis
375 1202 405 1254 et
418 1202 527 1268 pactae
542 1196 680 1270 coniugis
696 1203 798 1265 ostro;

111 1284 202 1339 astus
218 1277 337 1336 stabula
351 1277 412 1336 alta
425 1278 474 1337 loo
491 1294 656 1353 ceu-saepe
671 1283 839 1354 peragrans
855 1312 866 1320 -

113 1362 166 1421 det
180 1361 260 1418 enim
274 1354 392 1419 ¹vesana
406 1360 503 1421 fames
518 1393 530 1402 -
545 1362 572 1421 si
588 1363 665 1421 forte
680 1362 819 1436 fugacem

115 1443 218 1518 spexit
229 1458 372 1519 capream
387 1450 438 1502 aut
452 1452 625 1519 surgentem
640 1445 670 1503 in
682 1460 796 1505 cornua
806 1451 938 1520 cervum,
954 1456 1004 1510 725

118 1527 179 1600 det,
194 1527 282 1585 hians
297 1527 436 1601 immane,
456 1543 624 1603 comasque
638 1529 758 1603 arrexit,
774 1535 804 1587 et
818 1529 922 1588 haeret

119 1609 228 1669 teribus
244 1609 538 1688 superincumbens,
553 1612 627 1672 lavit
640 1611 780 1686 improba
793 1619 869 1671 teter

124 1709 228 1753 cruors

123 1777 174 1837 mit
188 1779 218 1836 in
234 1778 348 1842 densos
364 1778 466 1838 alacer
478 1778 646 1839 Mezentius
660 1779 776 1839 hostes.

125 1862 199 1921 nitur
213 1863 319 1921 infelix
331 1863 444 1936 Acron,
459 1869 489 1921 et
504 1862 638 1922 calcibus
654 1870 749 1923 atram
954 1873 1007 1928 ido

126 1946 157 2005 lit
171 1946 294 2005 humum
309 1947 480 2021 exspirans,
496 1947 684 2022 infractaque
698 1948 759 2007 tela
773 1955 917 2008 cruentat.

129 2045 149 2089 e
164 2030 244 2088 idem
259 2030 424 2104 fugientem
438 2029 521 2089 haud
535 2037 583 2090 est
598 2030 742 2105 dignatus
757 2029 879 2091 Oroden

130 2130 200 2188 tere,
215 2130 272 2173 nec
289 2115 369 2173 iacta
383 2129 506 2173 caecum
522 2115 596 2173 dare
610 2116 740 2190 cuspide
753 2116 881 2187 vulnus;

132 2214 166 2256 us
181 2199 376 2273 adversoque
391 2198 529 2271 occurrit,
549 2213 646 2274 seque
661 2199 726 2259 viro
740 2199 789 2258 vir

134 2281 190 2353 ulit,
208 2281 290 2341 haud
305 2284 384 2342 furto
398 2283 506 2341 melior
520 2283 577 2342 sed
591 2278 720 2343 fortibus
735 2284 838 2344 armis·
953 2292 1004 2349 735

137 2380 230 2441 super
244 2366 393 2426 abiectum
406 2367 508 2442 posito
524 2366 605 2443 pede
618 2368 709 2427 nixus
724 2374 755 2426 et
767 2367 864 2443 hasta

138 2468 140 2501 ι
155 2448 226 2509 belli
240 2450 323 2510 haud
336 2450 507 2526 temnenda,
522 2450 589 2524 viri,
604 2451 683 2511 iacet
697 2451 776 2512 altus
793 2450 942 2513 Orodes.“

142 2541 243 2593 amant
258 2535 334 2594 socii
348 2535 459 2594 laetum
473 2550 593 2612 paeana
608 2536 712 2595 secuti.
762 2588 765 2597 .

142 2623 214 2675 atem
230 2620 408 2694 exspirans:
432 2619 517 2693 „Non
531 2634 588 2692 me,
606 2619 790 2694 quicumque
804 2634 848 2694 eS,
863 2621 968 2692 inulto,

143 2715 179 2775 or,
195 2718 253 2761 nec
267 2704 391 2778 longum
405 2702 573 2763 laetabere:
595 2709 625 2762 te
641 2719 764 2778 quoque
779 2705 842 2762 fata
919 2719 922 2723 ·
952 2710 1005 2766 tro
1026 2728 1030 2739 ·

145 2793 265 2860 pectant
279 2787 375 2862 paria,
391 2795 483 2861 atquc
498 2788 607 2846 eadem
620 2802 694 2846 mox
708 2802 782 2846 arua
795 2786 946 2847 tenebis.“

147 2883 199 2929 em
213 2870 377 2930 subridens
391 2871 486 2931 mixta
499 2870 668 2930 Mezentius
683 2872 744 2929 ira:

160 2969 296 3024 morere;
308 2955 459 3015 astdeme
471 2955 671 3029 divumpater
681 2961 773 3027 atque
783 2952 938 3012 hominum
948 2965 1003 3011 rex

150 3035 196 3094 ritt
206 3041 224 3070 “
251 3038 319 3098 Hoc
333 3038 440 3098 dicens
455 3039 561 3098 eduxit
575 3052 705 3114 corpore
719 3037 829 3104 talum;

151 3133 194 3177 ua
208 3121 297 3194 quies
313 3123 420 3183 oculos
435 3128 466 3182 et
479 3122 597 3181 ferreus
611 3127 721 3195 urguet
951 3124 1016 3191 tto,

153 3217 185 3273 rs,
201 3202 232 3261 in
247 3210 401 3264 aeternam
416 3205 596 3265 clauduntur
610 3203 724 3265 lumina
736 3209 867 3265 noctem.

156 3301 194 3344 us
208 3286 392 3349 Alcathoum
406 3282 580 3359 obtruncat3
606 3286 749 3348 Sacrator
760 3285 953 3362 Hydaspeua

156 3369 299 3444 niumque
311 3372 400 3446 Rapo
415 3379 445 3432 et
457 3372 647 3448 praedurum
658 3371 786 3432 uiribus
799 3368 927 3436 basona

151 3469 206 3526 ,zus
221 3453 420 3531 Cloniumque
433 3456 702 3537 Lycaoniumque
711 3456 886 3525 Ericetcu,
