2326 3780
360 107 582 173 GEORGICON
600 109 674 170 ΗΒ.
695 109 733 170 11.
980 106 1021 172 51

69 265 233 326 Aetemum
248 262 418 338 frangenda
430 261 614 336 bidentibus,
632 277 721 322 omne
734 262 897 322 levandum
969 268 1023 324 40⁰

70 348 189 410 Fronde
203 363 321 407 nemus.
355 346 446 406 Redit
459 347 602 421 agricolis
616 345 704 423 labor
718 352 804 406 actus
818 347 849 406 in
865 346 978 421 orbem,

67 434 170 509 Atque
184 432 215 491 in
230 447 265 491 se
280 447 336 492 sua
349 446 406 506 per
418 430 549 506 vestigia
561 431 693 491 volvitur
707 447 815 491 annus.

67 520 115 578 Ac
129 517 191 579 iam
205 515 285 591 olim,
300 530 386 575 seras
401 516 505 589 posuit
519 531 612 590 quum
625 515 717 574 vinea
730 515 867 589 incudes,

67 601 210 676 Frigidus
225 607 255 660 et
269 600 355 660 silvis
369 600 484 674 Aquilo
500 599 637 659 decussit
650 599 807 673 honorem,

68 687 132 744 lam
146 690 208 744 tum
222 700 293 743 acer
308 699 397 743 curas
412 684 583 742 venientem
598 684 734 744 extendit
747 684 778 744 in
793 700 904 743 annum
970 692 1022 746 406

67 769 219 844 Rusticus,
235 775 265 829 et
279 783 371 828 curvo
384 766 506 828 Saturni
521 768 611 827 dente
625 768 761 828 relictam

65 852 261 929 Persequitur
272 853 366 913 vitem
381 853 542 912 attondens
557 852 704 927 fingitque
717 853 864 929 putando.

64 937 182 999 Primus
197 938 321 998 humum
335 936 443 1011 fodito,
459 937 576 1013 primus
593 938 722 996 devecta
736 942 869 997 cremato

65 1022 233 1097 Sarmenta,
249 1030 280 1082 et
292 1021 392 1082 vallos
408 1021 525 1097 primus
540 1020 598 1082 sub
614 1027 694 1081 tecta
707 1021 835 1091 reiert0;

63 1107 239 1168 Postremus
254 1106 368 1166 metito.
393 1106 447 1166 Bis
461 1104 574 1165 vitibus
588 1105 700 1180 ingruit
714 1105 828 1177 umbra,
970 1110 1022 1166 tto

62 1192 117 1252 Bis
133 1199 269 1267 segetem
284 1190 389 1251 densis
404 1190 561 1251 obducunt
575 1188 712 1249 sentibus
727 1188 856 1249 herbae=

62 1275 166 1336 Durus
181 1282 311 1349 uterque
323 1274 420 1334 labor.
448 1274 585 1335 Laudato
601 1274 735 1349 ingentia
748 1289 835 1344 rura3

63 1359 216 1433 Exiguum
230 1358 333 1419 colito.
359 1358 422 1417 Nec
437 1373 499 1417 non
515 1359 605 1417 etiam
620 1374 733 1434 aspera
746 1357 830 1417 rusci

64 1442 188 1501 Vimine
201 1456 259 1517 per
272 1440 391 1514 silvam,
407 1442 525 1517 etripis
541 1441 674 1502 iluvialis
690 1442 809 1502 arundo

67 1525 218 1598 Caeditur,
234 1524 400 1601 incultique
414 1532 537 1586 exercet
551 1542 624 1589 cura
639 1527 747 1587 salicti.
968 1531 1021 1587 415

64 1611 130 1671 Iam
143 1610 264 1669 vinctae
278 1608 365 1683 vites,
382 1608 443 1668 iant
456 1610 567 1669 falcem
581 1610 704 1671 arbusta
717 1616 878 1686 reponunt,

64 1695 130 1755 Iam
145 1693 225 1755 canit
239 1690 367 1754 effectos
382 1700 537 1754 extremus
553 1694 664 1754 vinitor
676 1701 780 1765 antes;

65 1778 266 1840 sollicitanda
278 1784 380 1839 tamen
395 1779 494 1854 tellus,
508 1778 673 1855 pulvisque
683 1779 868 1853 movendus,

61 1864 174 1925 Etiam
188 1864 315 1925 maturis
329 1862 512 1925 metuendus
526 1863 640 1939 Iupiter
653 1864 731 1924 uvis.

106 1948 216 2010 Contra
230 1965 293 2009 non
306 1948 370 2009 ailla
383 1955 431 2009 est
446 1948 522 2008 oleis
538 1948 664 2023 cultura,
679 1962 780 2023 neque
792 1947 864 2007 illae
967 1956 1021 2009 420

59 2034 247 2095 Procurvam
262 2039 444 2109 exspectant
457 2033 567 2093 falcem
581 2038 761 2109 rastrosque
775 2038 909 2104 tenaces,

62 2118 161 2192 Quum
175 2118 271 2178 semel
285 2116 452 2179 haeserunt
465 2116 547 2177 arvis
563 2133 716 2191 aurasque
730 2116 876 2177 tulerunta

60 2204 134 2278 Ipsa
149 2203 224 2262 satis
238 2202 338 2277 tellus,
355 2219 448 2278 quum
463 2201 554 2262 dente
568 2201 735 2261 recluditur
747 2214 837 2275 unco,

63 2285 183 2346 Sulfieit
196 2286 363 2360 humorem,
378 2294 408 2347 et
422 2286 577 2361 gravidas,
594 2301 687 2361 quum
701 2298 835 2357 vomere,
851 2284 966 2358 fruges.

61 2370 129 2428 Hoc
144 2369 287 2444 pinguem
301 2377 331 2429 et
344 2371 487 2445 placitam
500 2370 571 2447 paci
586 2369 713 2429 nutritor
728 2368 848 2428 olivam.
965 2375 1017 2429 lib

104 2452 199 2511 Poma
214 2467 346 2528 quoque,
359 2461 392 2513 ut
405 2454 535 2530 primum
548 2460 673 2515 hunnos
688 2466 815 2514 sensere
830 2452 966 2513 valentes

62 2537 100 2596 Et
113 2535 195 2595 vires
209 2535 344 2595 habuere
358 2552 441 2611 suas,
456 2538 497 2598 ad
511 2538 615 2599 sidera
627 2536 737 2614 rapum

61 2620 101 2680 Vi
115 2620 241 2696 propria
256 2619 388 2680 nituntur
403 2621 534 2699 opisque
547 2622 631 2683 haud
645 2621 750 2697 indiga
763 2624 897 2681 nostrae.

60 2705 123 2765 Nec
137 2704 235 2766 minus
251 2704 367 2766 intereo
381 2706 564 2768 ieiunemus
579 2720 670 2767 omne
683 2704 844 2783 gravescit,
996 2766 999 2773 ,

61 2789 306 2865 Sanguineisque
319 2789 433 2854 inculta
447 2791 557 2852 rubent
571 2789 688 2851 aviaria
700 2789 815 2849 baccis.
964 2794 1016 2850 430

58 2875 234 2936 Tondentur
248 2872 347 2951 cytisi,
361 2877 470 2936 taedas
486 2874 567 2936 silva
581 2875 642 2936 alta
655 2874 812 2945 mulsum,

57 2958 289 3035 Pascunturque
303 2958 390 3036 ignes
405 2958 545 3022 nocturni
559 2964 590 3021 et
602 2959 716 3021 lumina
730 2955 869 3018 fundunt.

56 3044 95 3104 Et
111 3043 248 3104 dubitant
261 3042 401 3105 homines
416 3059 522 3106 serere
536 3049 628 3119 atque
642 3042 820 3121 impendere
832 3046 953 3099 curamt

59 3128 139 3203 Quid
151 3127 269 3188 maiora
282 3134 436 3205 sequart·
444 3127 562 3190 Salices
576 3128 769 3203 humilesque
783 3128 936 3199 genestae.

57 3214 120 3272 Aut
133 3212 204 3272 illae
217 3212 323 3287 pecori
337 3212 479 3277 trondem
493 3218 544 3273 aut
557 3212 733 3292 pastoribus
746 3208 870 3269 umbras
962 3215 1014 3271 ast

59 3296 228 3369 Sufficiunt,
244 3311 412 3373 sepemque
426 3297 510 3373 satis,
525 3302 555 3357 et
568 3296 682 3374 pabula
694 3294 806 3355 melli.-

57 3380 95 3439 Et
109 3380 192 3440 iuvat
204 3381 368 3442 undantem
382 3380 466 3445 buxo
482 3388 623 3459 spectare
637 3380 792 3457 Cytorum,

780 3463 820 3530 ῃ
