2326 3780
200 256 262 321 lta
470 254 502 313 Ρ.
523 252 685 313 VlRGlLll
704 252 881 314 MARONlS

199 410 349 483 „Funera
362 422 429 482 nec,
445 422 538 482 quum
552 421 587 467 se
601 405 658 466 sub
673 406 758 481 leges
773 406 860 482 pacis
873 404 1002 483 iniquae

199 491 397 568 „Tradiderit
413 506 510 567 regno
525 497 577 550 aut
591 498 696 566 optata
709 490 779 551 luce
792 490 917 563 fruatur,

200 576 284 653 „Sed
300 576 391 636 cadat
405 583 476 636 ante
490 575 572 635 diem
584 575 748 650 mediaque
762 574 936 635 inhumatus
951 590 1061 636 arena.
1113 586 1131 640 6
1153 598 1157 633 ι

199 662 302 736 „ilaec
309 675 428 736 precor,
440 661 635 719 lrancvocem
643 666 808 719 oxmemam
816 660 1047 734 cumsanguine
1055 662 1152 724 fundo

198 746 294 822 „Tum
307 761 375 817 vos,
391 759 410 804 o
424 744 517 822 Tyrii,
539 744 666 819 stirpem
678 750 709 802 et
722 758 820 817 genus
835 758 926 803 omne
940 744 1080 806 futurum

199 830 367 905 „Exeroete
382 827 472 900 odiis,
488 828 643 902 cinerique
657 827 736 886 haec
750 827 855 886 mittite
868 833 976 887 nostro

199 914 355 987 „Munera
382 912 489 971 Nullus
504 926 590 972 arnor
603 911 736 989 populis,
757 926 815 971 nec
829 911 956 971 foedera
970 919 1078 973 sunto.

165 1010 167 1015 ’
198 997 367 1071 „Exoriare
381 995 493 1071 aliquis
507 994 621 1056 nostris
636 1011 675 1055 ex
689 995 813 1058 ossibus
827 997 916 1068 ultor,
1111 1007 1157 1063 aa·

198 1081 275 1157 „Qui
291 1081 358 1139 lace
372 1079 544 1140 Dardanios
560 1081 703 1154 lerroque
717 1094 849 1155 sequare
863 1079 1006 1157 colonos,

198 1165 313 1240 „Nunc
328 1162 409 1237 olim,
425 1178 621 1239 quocumque
634 1163 798 1223 dabuntse
812 1170 951 1238 tempore
965 1164 1064 1223 vires.

198 1247 321 1322 „Litora
333 1247 472 1307 litoribus
488 1248 647 1320 contraria,
664 1246 806 1307 ductibus
820 1247 921 1307 undas

198 1331 382 1406 „lmprecor,
403 1346 489 1391 arma
503 1332 612 1402 armis3
634 1338 770 1407 pugnent
782 1331 906 1407 ipsique
919 1338 1159 1409 nepotesquet“

197 1414 282 1475 Haec
295 1414 345 1490 ait,
360 1421 390 1475 et
403 1422 508 1491 partes
523 1416 655 1475 animum
669 1415 813 1475 versabat
826 1416 857 1475 in
872 1429 992 1490 omnes,
1111 1427 1161 1482 630

198 1499 332 1559 invisam
347 1515 498 1575 quaerens
515 1516 605 1575 quam
620 1499 750 1575 primum
763 1500 945 1575 abrumpere
958 1500 1074 1561 lucem.

198 1583 273 1644 Tum
287 1577 420 1644 breviler
431 1584 549 1644 Barcen
565 1585 711 1644 nutricem
726 1583 819 1644 allata
833 1583 984 1662 Sychaei:

124 1736 127 1741 y
170 1726 175 1737 ,
198 1669 335 1743 Namque
349 1684 436 1728 suum
449 1668 548 1744 patria
561 1669 686 1743 antiqua
700 1668 776 1727 cinis
791 1674 856 1727 ater
869 1666 1023 1727 habebam¹

173 1766 177 1774 ·
197 1751 338 1829 „Annam
353 1768 424 1812 cara
437 1752 511 1813 milri
525 1752 626 1813 nutrix
640 1751 700 1811 huc
714 1752 790 1812 siste
805 1766 960 1824 sororem;

197 1836 282 1913 „nia
304 1852 416 1913 corpus
431 1843 576 1914 properet
589 1836 705 1899 fluviali
721 1852 867 1912 spargere
880 1835 1019 1913 lympha,
1110 1849 1160 1905 635

198 1920 256 1996 „Et
269 1921 405 1996 pecudes
420 1936 525 1981 secum
539 1929 570 1981 et
584 1927 751 1981 monstrata
765 1920 886 1997 piacula
900 1920 1002 1982 ducat.

168 2000 172 2020 ³
199 2004 270 2083 „Sic
284 2005 403 2075 veniat;
425 2012 517 2079 tuque
532 2005 602 2079 ipsa
615 2004 667 2080 pia
681 2011 750 2079 tege
764 2012 902 2080 tempora
915 2004 1001 2065 vitta.

198 2087 314 2167 „Sacra
327 2089 393 2148 lovi
408 2087 526 2167 Stygio,
546 2104 625 2163 quae
638 2089 696 2149 rite
710 2089 832 2165 incepta
844 2089 961 2165 paravi,

198 2173 368 2250 ‚,Perficere
382 2178 430 2233 est
443 2172 571 2247 animus,
587 2173 742 2249 llnernque
755 2174 914 2248 imponere
928 2175 1022 2251 curia,

198 2256 425 2333 „Dardaniique
440 2272 547 2332 rogum
562 2258 671 2332 capitis
686 2258 860 2333 permittere
874 2256 1052 2319 flammae.“
1109 2271 1160 2327 616

163 2363 167 2377 ·
199 2340 250 2400 Sic
264 2342 322 2411 ait3
344 2341 396 2401 illa
409 2341 537 2416 gradum
551 2341 654 2402 studio
670 2341 822 2401 celerabat
836 2340 956 2400 anilem.

197 2426 238 2483 At
251 2424 372 2499 trepida
385 2432 416 2485 et
430 2426 548 2501 coeptis
564 2425 744 2486 immanibus
760 2425 856 2486 effera
868 2424 958 2496 Dido,

198 2507 404 2581 Sanguineam
419 2510 549 2569 volvens
563 2510 661 2569 aciem
675 2511 865 2585 maculisque
878 2516 1047 2573 trementes

197 2591 348 2652 interfusa
361 2607 458 2666 genas
473 2600 503 2652 et
517 2594 632 2669 pallida
645 2602 741 2655 morte
756 2596 864 2665 lutura,

123 2734 126 2741 ,
198 2675 345 2735 Interiora
358 2675 469 2736 donus
483 2678 621 2752 irrumpit
634 2678 745 2750 limina,
762 2685 791 2738 et
805 2679 884 2737 altos

198 2758 384 2821 Conscendit
398 2759 561 2821 furibunda
572 2777 676 2837 rogos,
691 2776 859 2838 ensemque
873 2760 1003 2822 recludit

195 2842 392 2918 Dardanium,
407 2859 469 2904 non
483 2845 541 2905 hos
558 2847 730 2921 quaesitum
745 2862 853 2906 munus
868 2845 899 2903 111
912 2860 1000 2905 usus.

195 2928 255 2991 Hic
268 2934 434 3007 postquam
448 2929 557 2990 Iliacas
572 2938 675 2990 vestes
690 2938 857 3005 notumque
872 2928 972 2989 cubile

198 3013 373 3091 Conspexit,
388 3013 522 3089 paullum
536 3014 669 3075 lacrimis
684 3021 715 3076 et
727 3021 828 3075 mente
841 3020 968 3087 morata,

196 3098 395 3173 Incubuitque
408 3104 485 3173 toro,
502 3098 639 3175 dixitque
654 3099 823 3159 novissima
836 3096 946 3157 verba:

197 3184 329 3257 „Dulces
345 3182 484 3258 exuviae,
501 3183 574 3244 dum
589 3184 650 3243 lata
665 3184 805 3257 deusque
820 3182 948 3253 sinebat,

177 3300 180 3307 ·
197 3267 357 3343 „Accipite
370 3266 450 3327 hanc
465 3268 604 3341 animam,
619 3283 730 3343 meque
745 3267 793 3327 his
809 3264 961 3325 exsolvite
975 3264 1073 3326 euris.

196 3351 289 3424 „Vixi
303 3358 341 3424 el,
357 3367 448 3426 quem
461 3351 589 3412 dederat
603 3368 724 3412 cursum
740 3352 867 3425 lortuna,
883 3348 998 3425 peregi,

197 3434 255 3508 „Et
268 3450 348 3495 nunc
361 3451 473 3510 magna
486 3436 546 3496 mei
561 3434 618 3496 snb
634 3441 730 3496 terras
745 3434 799 3495 ibit
813 3434 925 3509 imago.

139 3594 144 3600 .
195 3518 330 3593 »Urbem
344 3520 533 3597 praeclaram
547 3520 646 3598 statui,
667 3534 736 3579 mea
749 3518 871 3579 moenia
884 3516 966 3587 vidi;
1107 3530 1155 3585 gg·
