2326 3780
465 172 601 233 cutax.
951 170 1013 238 858

121 324 188 402 iuod
204 336 270 384 erat
282 322 398 398 tardus,
414 324 514 384 somni
528 326 676 401 languore
690 333 817 399 remoto,

130 409 216 484 prius
231 407 408 483 adspiciens
421 408 545 468 timidos
561 417 741 469 caecaverat
755 418 853 481 actosa

134 492 233 551 minus
249 491 396 567 implicuit
410 492 477 551 dira
490 491 653 552 formidine
665 498 807 553 mentem.

122 593 149 635 m
162 582 327 652 postquam
340 576 417 634 vidit
431 577 785 651 caesum.langueseere;
810 576 899 636 sedit.

122 677 158 720 nn
174 660 269 734 quatit
282 668 313 719 et
325 658 445 734 biiuges
461 660 564 720 oriens
577 660 678 720 Erebo
695 661 735 719 cit
748 676 847 737 eqaros
860 661 936 736 Nox,
961 671 1015 725 itio

123 744 193 819 iger
206 751 311 802 aurata
325 743 465 818 procedit
478 744 601 819 Vesper
614 743 654 803 ab
670 743 761 803 Oeta:

123 847 129 886 t
142 843 236 902 grege
251 828 411 902 compulso
426 833 541 902 pastor,
558 826 783 903 duplicantibus
796 826 922 902 umbris,

124 912 146 970 it
159 918 190 970 et
203 911 234 969 in
249 911 352 970 fessos
366 911 503 986 requiem
518 911 594 971 dare
608 920 765 987 comparat
779 919 873 972 artus.

124 1012 146 1054 ts
161 1002 195 1055 ut
207 995 330 1053 intravit
342 994 441 1054 levior
454 1010 512 1070 per
526 1010 659 1070 corpora
673 1011 809 1070 somnus,

124 1078 273 1153 guidoque
287 1076 387 1139 effuso
400 1078 578 1154 requierunt
591 1079 728 1139 membra
741 1094 871 1157 sopore;
962 1087 1016 1143 itt

125 1166 180 1236 ties
195 1166 236 1225 ad
249 1181 318 1225 eum
333 1165 439 1226 culicis
454 1165 586 1240 devenit,
602 1173 632 1225 et
645 1166 688 1225 iili
792 1210 795 1215 .

125 1252 158 1309 tis
174 1248 211 1309 ab
226 1255 336 1308 eventu
353 1248 462 1308 cecinit
476 1249 616 1308 convicia
630 1250 746 1311 mortis.
820 1286 824 1295 ·

125 1334 177 1393 ritu
191 1332 289 1407 „Quid
303 1332 439 1405 meritus,
455 1332 495 1390 ad
510 1347 590 1406 quae
605 1333 724 1394 dotatus
740 1332 868 1394 acerbas

125 1432 175 1490 gor
189 1415 276 1474 adire
290 1414 397 1473 vicest
416 1415 479 1474 Tua
494 1415 566 1473 dum
581 1415 654 1474 mihi
668 1417 768 1476 carior
782 1417 852 1492 ipsa

126 1498 215 1558 afuit
228 1498 300 1570 vita,
315 1497 420 1572 rapior
434 1513 490 1572 per
503 1498 607 1557 inania
620 1499 730 1558 ventis.
962 1507 1016 1560 210

133 1582 233 1641 lentus
247 1581 371 1640 refoves
387 1580 520 1641 iucunda
532 1581 670 1642 membra
686 1582 796 1658 quiete,

126 1673 206 1740 aptus
219 1664 305 1723 tetris
319 1679 338 1724 e
354 1663 509 1736 cladibus;
534 1672 564 1724 at
578 1681 647 1725 mea
659 1666 767 1727 Manes

126 1764 204 1821 saera
218 1747 368 1808 Lethaeas
383 1755 498 1824 cogunt
512 1755 673 1809 transnare
687 1765 744 1825 per
756 1748 871 1809 undas=

127 1833 193 1893 teda
207 1831 366 1892 Charontis
381 1848 465 1908 agor.
500 1833 573 1892 Vidi
588 1839 620 1892 ut
634 1833 795 1908 flagrantia
806 1832 906 1892 taedis

127 1917 190 1976 nina
205 1916 356 1976 collucent
369 1916 496 1977 internis
511 1917 613 1976 omnia
626 1917 758 1993 templis.
963 1925 1016 1979 215

127 2001 173 2059 via
186 2000 361 2076 Tisiphone,
377 2001 572 2077 serpentibus
586 2001 723 2076 undique
737 2006 845 2074 comta,

128 2083 264 2143 flammas
279 2091 310 2144 et
324 2100 420 2144 saeva
435 2086 531 2160 quatit
543 2084 616 2144 mihi
630 2085 761 2144 verbera
775 2098 903 2160 poenae,
977 2098 981 2105 ’

128 2168 224 2228 perus
240 2176 270 2228 et
285 2168 358 2228 diris
374 2168 484 2244 flagrat
498 2169 655 2229 latratibus
670 2184 733 2243 ora

128 2251 235 2325 guibus
251 2252 321 2312 hinc
335 2261 428 2329 atque
442 2253 514 2313 hinc
528 2254 654 2313 horrent
664 2253 712 2312 cui
725 2252 804 2313 colia
814 2249 949 2327 reflexis,

129 2335 305 2411 iguineique
319 2338 431 2396 micant
445 2338 586 2397 ardorem
601 2336 722 2396 luminis
737 2336 838 2397 orbes.
964 2344 1017 2401 Ἀθ

129 2435 151 2491 r,
166 2417 240 2492 quid
255 2418 294 2478 ab
309 2420 412 2480 oificio
428 2422 570 2496 digressa
584 2427 632 2481 est
645 2421 750 2496 gratia,
765 2435 833 2481 cum
846 2426 877 2481 te

129 2501 204 2561 stitui
220 2503 340 2578 superis
355 2505 406 2563 leti
421 2505 481 2564 iarn
496 2506 598 2565 lirnine
612 2504 651 2564 ab
665 2504 758 2580 ipsot

130 2585 213 2645 ,enria
227 2593 298 2645 sunt
311 2587 432 2662 pietatis
446 2588 520 2647 ubit
539 2589 662 2649 Pietatis
676 2588 812 2649 honores

130 2685 221 2729 uanas
236 2669 339 2730 abiere
353 2672 448 2746 vices,
465 2679 496 2732 et
508 2689 578 2733 rure
592 2672 721 2734 recessit

130 2753 192 2813 titia
207 2761 237 2814 et
251 2754 336 2828 prior
350 2756 402 2816 iila
415 2756 516 2817 fidest
535 2758 680 2818 Instantia
693 2758 757 2819 vidi
961 2764 1015 2817 na

130 2838 223 2898 erius=
246 2839 315 2899 sine
328 2847 470 2916 respectu
485 2857 555 2901 ntea
569 2843 631 2902 iata
643 2843 820 2917 relinquens

140 2923 252 2997 parites
267 2939 344 2999 agor
358 2933 497 2986 eventus.
532 2926 578 2986 Fit
591 2942 693 3002 poena
707 2924 848 2984 merenti!

131 3023 178 3065 tna
192 3007 231 3066 sit
246 3008 385 3069 exitium=
408 3010 502 3070 modo
517 3010 557 3070 sit
572 3011 644 3069 dum
658 3016 745 3084 grata
759 3007 909 3080 voluntas,

131 3089 211 3148 sistat
224 3107 281 3165 par
294 3093 439 3153 officiunt.
459 3094 555 3153 Feror
567 3094 638 3152 avia
652 3106 792 3166 carpens,

131 3172 156 3230 ia
171 3172 346 3236 Cimmerios
361 3178 439 3237 inter
452 3177 596 3236 distantia
610 3178 712 3234 lucos=
963 3180 1017 3237 neo
1112 3152 1117 3175 ⁴

131 3271 170 3314 un
185 3257 381 3321 circa-tristes
396 3262 564 3320 densentur
576 3259 607 3318 in
618 3259 720 3318 omnia
733 3273 863 3333 poenae.

131 3356 149 3397 n
163 3340 283 3401 vinctus
299 3344 387 3404 sedet
401 3343 541 3404 immanis
555 3342 748 3419 serpentibus
764 3341 848 3414 Otos,

132 3424 253 3484 unctum
269 3436 403 3489 maestus
419 3428 526 3504 procul
541 3426 716 3502 adspiciens
730 3427 902 3504 Ephialten,

131 3524 257 3567 aercius.
689 3540 692 3545 ·
786 3520 827 3575 Ἃ
