2326 3780
318 131 520 195 acconen.
561 134 645 196 aci.
687 134 710 195 1.
731 135 768 195 Π.
999 134 1020 198 8

66 287 216 364 Hyblaeis
231 286 341 362 apibus
356 285 464 347 florem
478 287 610 364 depasta
622 286 730 360 salicti,
846 306 849 311 ·

69 371 170 448 Saepe
184 371 246 430 levi
261 387 400 431 somnum
414 371 556 443 suadebit
569 370 647 431 inire
661 386 803 442 susurro;
983 380 1019 435 aa

67 456 145 515 Hinc
161 456 222 514 alta
236 454 294 516 sub
308 470 386 532 nipe
399 462 489 515 canet
502 456 660 516 frondator
673 456 714 516 ad
727 470 828 528 auras,

67 541 131 600 Nec
145 546 246 600 tamen
261 540 376 601 interea
388 554 509 614 raucae,
524 546 577 601 tua
590 555 672 612 cura,
688 539 857 616 palumbes,

67 625 131 684 Nec
146 639 266 699 gemere
280 622 364 683 aeria
377 622 512 684 cessabit
525 630 623 685 turtur
635 623 674 683 ab
688 625 781 684 ulmo.

436 706 650 769 TITYRUS.
914 770 917 775 .

67 793 147 850 Ante
161 791 246 852 leves
261 807 334 868 ergo
349 799 514 868 pascentur
526 794 558 853 in
573 787 696 853 aethere
706 792 801 867 cervi,

66 875 104 934 Et
118 867 194 936 ireta
208 876 372 937 destituent
386 876 487 938 nudos
502 877 533 937 in
548 877 636 937 litore
649 876 770 953 piscem
982 882 1019 938 ta

64 962 153 1033 Ante,
169 960 332 1036 pererratis
348 960 507 1023 amborum
521 960 642 1034 finibuS,
658 961 747 1021 exsul

63 1046 126 1104 Ant
138 1045 258 1104 Ararim
271 1044 399 1106 Parthus
414 1045 498 1106 bibet
512 1052 564 1106 aut
578 1045 738 1106 Germania
751 1044 870 1121 Tigrim,

65 1128 159 1202 Quam
174 1136 279 1189 nostro
295 1129 375 1190 illius
390 1128 509 1191 labatur
521 1137 647 1206 pectore
660 1132 773 1191 vultus.

395 1212 541 1274 MELIB
550 1213 680 1275 OEUS.

62 1298 103 1355 At
116 1311 175 1355 nos
190 1296 260 1355 hinc
274 1296 324 1355 alii
339 1296 476 1358 sitientes
491 1297 601 1359 ibimus
615 1298 719 1372 Ainos
798 1296 806 1335 ·'
853 1334 857 1341 ·

63 1379 137 1437 Pars
153 1378 309 1454 Scythiam
324 1385 354 1438 et
366 1381 507 1456 rapidum
521 1382 627 1442 cretae
640 1382 804 1443 veniemus*
812 1379 919 1445 Oaxen
959 1406 963 1415 ¹
980 1387 1017 1444 cc

64 1460 102 1520 Et
116 1460 237 1536 penitus
252 1468 317 1520 toto
333 1461 451 1522 divisos
466 1463 541 1529 orbe
553 1464 726 1525 Britannos.

63 1544 110 1603 En
124 1540 269 1618 umquam
283 1544 399 1618 patrios
413 1546 505 1620 longo
520 1552 593 1622 post
604 1553 742 1623 tempore
753 1548 843 1624 iincs,

63 1627 211 1703 Pauperis
227 1634 257 1687 et
269 1625 370 1703 tugrui
384 1636 564 1707 congestum
577 1632 713 1706 caespite
721 1632 845 1691 culmen

63 1712 138 1772 Post
152 1711 277 1787 aliquot
293 1727 362 1772 mea
374 1728 478 1789 regna,
494 1713 605 1775 videns
620 1714 753 1775 mirabor
765 1715 898 1775 aristosi

63 1796 179 1872 Impius
193 1795 345 1857 haectom
360 1798 679 1860 miltanovaiiamiies
694 1797 825 1872 habebit,
981 1805 1017 1862 to

61 1880 216 1942 Barbarus
230 1880 287 1942 has
302 1889 439 1958 segetes:
462 1898 510 1955 en,
527 1899 587 1958 quo
602 1883 759 1945 discordia
772 1883 857 1943 cives

60 1963 205 2025 Perduxit
218 1966 364 2038 miseram
387 1981 435 2040 en,
451 1965 521 2042 quis
536 1968 731 2029 consevimus
745 1974 853 2043 agros!

60 2049 166 2110 Insere
180 2066 270 2124 nunc,
285 2050 445 2124 Meiiboee,
462 2053 556 2128 piros,
572 2067 654 2129 pone
668 2052 776 2113 ordine
789 2051 884 2113 vites!

59 2134 214 2207 lismaco,
230 2135 302 2195 felix
318 2135 472 2211 quondam
486 2152 592 2212 pecus,
608 2137 649 2197 ite
663 2138 815 2214 capellae!

58 2218 126 2278 Non
141 2234 199 2293 ego
214 2235 272 2280 vos
287 2220 426 2296 posthac,
441 2219 532 2281 viridi
546 2221 700 2298 proiectus
712 2221 743 2281 in
754 2227 850 2295 anino,
974 2226 1012 2285 ii>

58 2302 197 2364 Dumosa
210 2304 347 2379 pendere
361 2305 468 2381 procui
483 2305 523 2366 de
536 2321 614 2381 rupe
626 2305 757 2378 videb03
957 2302 960 2307 ’

60 2385 293 2448 Carninanulla
304 2402 426 2459 canam3
449 2404 520 2460 non,
534 2404 588 2448 me
599 2398 754 2466 pascente,
772 2389 916 2467 capellae,

60 2467 231 2530 Florentem
245 2472 375 2549 cytisum
389 2480 419 2533 et
433 2474 544 2533 salices
560 2474 691 2550 carpetis
705 2489 836 2535 amaras.

59 2636 117 2696 Hic
131 2643 231 2697 amen
245 2636 324 2699 hanc
337 2655 457 2700 mecum
470 2648 595 2717 poteras
609 2643 804 2717 requiescere
817 2648 937 2704 noctem

59 2719 181 2782 Fronde
196 2737 290 2798 super
301 2723 407 2783 viridia
429 2724 604 2788 suntnobis
618 2726 702 2786 mitia
715 2742 816 2803 poma,
974 2733 1009 2787 80

60 2805 349 2868 Castaneaemolies
364 2809 724 2886 etpressioopiaiactis,
1009 2812 1012 2817 '

59 2889 95 2949 Et
109 2890 168 2950 iam
182 2906 300 2951 smnma
314 2893 421 2967 procui
434 2893 576 2954 villarum
591 2894 722 2957 culmina
735 2896 857 2968 inmani,

56 2975 253 3050 Maioresque
267 2976 380 3036 cadunt
393 2977 462 3038 altis
477 2977 517 3038 de
530 2979 682 3040 montibus
697 2979 833 3040 umbrae.

292 3144 497 3210 inanis,
538 3147 706 3207 ECLOGA
728 3151 761 3206 11.

54 3229 235 3288 Formosum
249 3236 356 3304 pastor
371 3229 515 3307 corydon
529 3230 656 3291 ardebat
670 3231 799 3301 Alexim,

54 3311 186 3372 Delicias
202 3311 326 3388 domini,
342 3328 408 3387 nec,
425 3313 497 3389 quid
513 3322 658 3390 speraret,
673 3313 819 3385 habebam

53 3394 181 3456 Tantum
195 3396 272 3458 inter
286 3398 401 3460 densas
415 3397 561 3459 umbrosa
576 3398 734 3459 cacumina
748 3399 837 3474 fagos

762 3482 803 3546 ι*
