2326 3780
154 222 196 290 78
423 223 456 282 Ρ.
475 223 637 284 VIRGILII
657 222 831 284 MAROllllS

155 376 327 450 Quaeritur:
349 376 419 436 huic
434 377 572 451 geminae
586 392 677 435 nares
692 381 722 434 et
736 374 860 448 spiritus
877 376 939 434 oris
1053 381 1106 435 300

152 461 248 520 ΜοΙο0
261 461 418 521 reluctanti
433 461 605 531 obstruitur,
621 459 783 534 plagisque
797 467 934 533 peremto

153 544 255 603 Tunsa
268 560 324 619 per
335 546 484 620 integram
498 545 657 603 solvuntur
670 543 790 602 viscera
803 543 924 616 pellem.

154 627 205 687 Sic
219 629 352 703 positum
366 629 397 688 in
412 629 518 688 clauso
534 628 680 701 linquunt,
696 634 726 686 et
739 641 843 685 ramea
857 626 950 686 costis

154 711 321 772 subiiciunt
336 714 512 786 fragmenta,
528 712 665 790 thymum
679 710 843 784 casiasque
857 719 1006 770 recentes.

151 796 218 854 Hoc
232 796 353 870 geritur,
368 795 519 871 Zephyris
534 797 662 870 primum
676 793 900 869 impellentibus
916 796 1022 871 undas,
1051 802 1104 856 303

151 881 231 938 Ante
245 880 334 939 novis
348 878 476 938 rubeant
489 895 580 955 quarn
595 885 681 953 prata
694 877 858 949 coloribus,
874 886 945 938 ante

153 962 280 1023 Garrula
296 978 387 1037 quam
399 963 491 1036 tignis
506 963 610 1021 nidum
625 963 795 1035 suspendat
807 961 949 1021 hirundo.

150 1046 270 1106 Interea
283 1046 396 1105 teneris
410 1047 580 1120 tepefactus
595 1047 624 1103 in
641 1045 764 1105 ossibus
778 1045 887 1103 humor

150 1131 287 1203 Aestuat,
303 1137 333 1189 et
346 1130 477 1188 visenda
490 1129 591 1188 modis
607 1129 749 1187 animalia
762 1126 855 1201 miris,

149 1213 268 1272 Trunca
281 1213 394 1288 pedum
409 1214 516 1288 primo,
531 1228 603 1271 mox
618 1219 648 1271 et
661 1212 820 1272 stridentia
833 1213 952 1287 penniS,
1050 1220 1104 1274 310

149 1295 324 1371 Miscentur,
338 1303 521 1371 tenuemque
537 1296 634 1370 magis
649 1296 746 1370 magis
761 1300 834 1355 0000
847 1305 982 1372 carpunt,

148 1381 264 1453 Donec,
278 1387 312 1440 ut
324 1380 451 1440 aestivIs
467 1379 584 1441 effusus
599 1380 730 1439 nubibus
745 1379 849 1453 imber,

148 1464 293 1539 Erupere,
307 1470 360 1524 aut
372 1470 413 1535 ut,
428 1480 524 1525 nervo
540 1466 689 1540 pulsante,
704 1463 841 1538 sagittae,

147 1545 248 1606 Prima
260 1548 346 1608 leves
362 1548 466 1609 ineunt
479 1548 506 1609 si
520 1548 644 1625 quando
658 1548 775 1623 proelia
787 1547 898 1606 Parthi.

190 1630 263 1704 Quis
275 1632 352 1692 deus
363 1633 451 1706 hanc,
467 1632 583 1705 Musae,
600 1632 668 1707 quis
679 1630 769 1691 nobis
784 1632 901 1690 extudit
914 1638 1029 1690 artem?
1048 1638 1102 1692 315

147 1715 237 1775 Unde
251 1732 335 1776 nova
348 1716 507 1791 ingressus
521 1716 677 1777 hominum
691 1715 879 1791 experientia
893 1715 993 1790 cepit?

146 1796 255 1859 Pastor
268 1800 428 1861 Aristaeus
444 1800 563 1875 lugiens
578 1799 691 1858 Peneia
704 1798 825 1874 Tempe,

145 1882 288 1957 Amissis,
305 1891 337 1943 ut
350 1884 440 1955 tuma,
455 1883 565 1958 apibus
579 1881 748 1958 morboque
763 1882 913 1956 fameque,

145 1966 251 2027 tristis
265 1969 305 2027 ad
321 1966 447 2027 extremi
461 1982 583 2028 sacrum
597 1974 688 2041 caput
701 1966 816 2026 adstitit
830 1966 936 2039 amnis,

145 2048 240 2111 lduha
254 2065 386 2127 querens
403 2057 494 2123 atque
507 2049 566 2109 huc
580 2049 690 2110 affatus
705 2066 783 2110 voce
798 2057 968 2125 parentem:
1045 2058 1099 2112 300

144 2134 272 2210 „Mateq
288 2133 408 2211 Cyrene
422 2140 526 2207 mator,
542 2150 621 2209 quae
636 2135 761 2209 gurgitis
776 2134 866 2194 huius

144 2216 230 2291 „lma
243 2223 340 2291 tenes,
359 2216 434 2293 quid
447 2232 496 2277 me
511 2219 669 2293 praeclara
683 2218 778 2293 stirpe
793 2217 939 2277 deorum-

143 2300 199 2375 „st
209 2300 312 2375 modo,
330 2316 421 2376 quem
431 2300 584 2377 perhibes,
599 2310 686 2378 pater
697 2310 745 2362 est
754 2300 962 2377 Thymbraeus
969 2305 1097 2377 Apollo-

143 2384 300 2458 „invisum
313 2383 384 2445 tatis
398 2385 539 2461 genuisti,
555 2395 606 2447 aut
622 2402 682 2461 quo
698 2386 750 2445 tibi
765 2386 861 2444 nostri

142 2467 272 2543 ,Pulsus
287 2475 393 2529 amort
414 2470 488 2544 quid
504 2486 552 2531 me
567 2470 686 2531 eoelum
701 2484 827 2543 sperare
841 2469 992 2529 iubebast
1044 2477 1098 2533 303

142 2550 207 2627 „En
221 2552 311 2612 etiam
325 2553 405 2613 hunc
419 2554 520 2629 ipsum
534 2554 614 2613 vitae
628 2554 764 2612 mortalis
779 2553 936 2626 honorem,

45 2645 48 2654 '
141 2634 259 2709 „Quem
272 2636 345 2696 mihi
359 2637 412 2697 vix
426 2640 544 2713 frugum
560 2644 590 2697 et
604 2636 756 2712 pecudum
771 2637 911 2696 custodia
925 2639 1034 2698 sollers

141 2718 269 2794 „Omnia
281 2722 406 2781 tentanti
422 2722 588 2792 extuderat,
604 2726 635 2780 te
648 2727 752 2792 matre,
768 2722 917 2795 relinquo.

141 2802 240 2877 „Quin
255 2820 321 2880 age,
337 2805 450 2880 etipsa
463 2820 555 2863 manu
568 2804 674 2863 felices
690 2820 762 2863 erue
776 2805 881 2875 silvas,

140 2885 220 2961 „Fer
229 2889 356 2949 stabulis
367 2888 521 2948 inimicum
531 2888 632 2963 ignem
644 2896 735 2963 atque
746 2888 883 2947 interfice
893 2904 1021 2963 messes,
1043 2895 1098 2948 330

141 2970 221 3045 „Ure
235 2981 303 3033 sata
318 2979 348 3031 et
363 2972 495 3031 validam
508 2970 540 3030 in
553 2972 632 3031 vites
647 2973 753 3031 molire
767 2972 947 3047 bipennem;

140 3054 255 3126 „Tanta
268 3072 355 3116 meae
370 3055 397 3114 si
412 3062 441 3115 te
455 3062 602 3131 ceperunt
615 3056 717 3116 taedia
731 3056 862 3116 laudis.“

139 3140 180 3198 At
192 3147 289 3199 mater
303 3138 435 3199 sonitum
449 3138 581 3199 thalamo
597 3140 654 3200 sub
669 3140 802 3200 fluminis
817 3139 869 3198 alti

140 3220 250 3283 Sensit.
278 3224 354 3282 Eam
368 3222 479 3281 circum
494 3223 613 3285 Milesia
628 3225 741 3284 vellera
754 3223 914 3301 Nymphae

139 3304 317 3381 carpebant,
333 3305 417 3381 hyali
432 3315 535 3367 saturo
548 3308 650 3368 hrcato
664 3309 776 3379 colore,
1039 3316 1092 3371 335

136 3386 323 3467 Dryrnoque,
338 3388 528 3465 Xanthoque,
543 3391 707 3468 Ligeaque,
721 3390 980 3470 Phyllodoceque,

59 3528 95 3574 k
137 3470 309 3535 caesariem
324 3474 441 3535 effusae
453 3476 579 3537 nitidam
594 3477 794 3553 percandida
808 3475 895 3549 colla,
