2326 3780
109 247 173 313 204
381 247 414 307 P.
436 248 598 308 VIRGILII
618 247 799 310 MARONIS

110 400 208 480 „Ausi
223 414 330 461 omnes
344 399 475 461 immane
488 401 576 461 nefas
592 415 732 476 ausoque
746 402 855 477 potiti.

110 487 207 562 ‚‚Non,
222 484 295 544 mihi
310 486 337 544 si
351 486 474 561 linguae
490 493 609 545 centum
624 485 684 545 sint
699 501 819 560 oraque
837 496 989 568 centum,
1038 498 1077 554 ott

111 571 243 646 „Ferrea
255 585 327 644 vox,
344 586 452 631 omnes
467 571 618 630 scelerum
634 571 869 644 comprendere
886 574 1024 653 formas,

111 653 238 729 „Omnia
252 668 421 729 poenarum
436 670 616 729 percurrere
630 655 753 713 nomina
767 656 939 729 possim.“

110 740 194 798 Haec
208 737 259 798 ubi
275 738 356 798 dicta
370 738 453 798 dedit
466 738 580 799 Phoebi
595 739 747 813 longaeva
761 742 950 814 sacerdos3

110 822 194 899 „Sed
208 823 268 882 iam
283 838 350 897 age,
371 837 464 897 carpe
478 824 559 882 viam
574 830 603 882 et
617 829 796 897 susceptum
810 826 946 898 perfice
961 835 1075 889 manns!

110 910 391 982 „Acceie1·emust“
412 908 462 965 ait.
491 907 680 985 „Cyclopum
695 907 806 966 educta
820 911 968 972 caminis
1037 920 1076 975 ost
1098 938 1103 961 -·

111 992 253 1066 „Moenia
267 990 424 1065 conspicio
440 996 531 1064 atque
546 991 678 1051 adverso
694 991 811 1051 tomice
825 1002 958 1070 portas,

82 1120 85 1124 .
111 1076 215 1150 „Haec
229 1075 282 1135 ubi
296 1090 354 1133 nos
369 1082 535 1149 praecepta
549 1075 653 1134 iubent
667 1076 825 1151 deponere
842 1077 973 1139 donac‘

111 1158 244 1231 Dixerat,
260 1165 291 1218 et
305 1158 419 1233 pariter
433 1159 533 1232 gressi
547 1175 603 1234 per
618 1174 716 1234 opaca
729 1160 850 1218 viarum

112 1242 284 1317 corripiunt
298 1243 431 1316 spatium
444 1243 586 1317 medium,
602 1242 782 1319 foribusque
797 1247 1035 1324 propinquant.

112 1325 248 1401 Occupat
260 1327 384 1385 Aeneas
400 1326 523 1402 aditum,
544 1343 721 1404 corpusque
734 1327 850 1386 recenti
1035 1341 1076 1396 su
1098 1340 1104 1409 ᾗ

112 1408 236 1484 Spargit
249 1426 339 1486 aqua,
353 1426 533 1486 ramumque
547 1413 680 1472 adverso
696 1413 725 1471 in
741 1412 843 1471 limine
861 1414 945 1491 figit.
1098 1418 1104 1478 i

152 1494 207 1554 His
223 1494 344 1554 demum
359 1496 485 1569 exactis,
502 1497 638 1571 perfecto
654 1512 778 1555 munere
792 1496 901 1575 divae,
1100 1486 1103 1507 '

111 1579 269 1639 Devenere
284 1580 371 1639 locos
387 1581 484 1639 laetos
501 1585 530 1640 et
545 1596 675 1639 amoena
688 1580 786 1639 vireta

109 1662 342 1725 Fortunatorum
356 1679 514 1724 nemorum
529 1664 684 1738 sedesque
698 1664 815 1723 beatas.

109 1747 237 1822 Largior
251 1749 301 1807 hic
316 1764 443 1823 campos
459 1748 564 1808 aether
579 1755 608 1808 et
622 1749 734 1808 lumine
748 1748 840 1808 vestit
1033 1762 1076 1819 oco
1102 1820 1107 1833 .

109 1830 275 1906 Purpureo,
291 1834 451 1908 solemque
467 1849 564 1903 suum,
581 1848 638 1891 sua
652 1833 755 1892 sidera
768 1840 895 1893 norunt.

108 1914 184 1975 Pars
199 1916 230 1975 in
244 1917 407 1990 gramineis
423 1923 568 1976 exercent
581 1917 718 1976 membra
732 1916 910 1994 palaestris

111 1999 303 2060 contendunt
317 2001 390 2060 ludo
405 2007 435 2060 et
450 2001 533 2060 fulva
547 2000 697 2060 luctantur
711 2015 819 2069 arena3

108 2082 184 2144 Pars
198 2083 330 2160 pedibus
347 2085 494 2159 plaudunt
508 2083 637 2143 choreas
653 2091 683 2144 et
697 2084 832 2144 carmina
848 2085 978 2151 dicunt·

109 2167 173 2228 Nec
187 2184 249 2228 non
263 2168 420 2229 Threicius
435 2168 528 2242 longa
541 2184 610 2227 cum
627 2175 712 2228 veste
727 2168 878 2229 sacerdos
1031 2184 1075 2241 aas

112 2249 291 2328 Obioquitur
305 2252 439 2312 numeris
455 2258 573 2327 septem
588 2252 763 2311 discrimina
777 2267 904 2328 vocum,

109 2334 236 2411 Iamque
251 2336 360 2396 eadem
374 2336 486 2411 digitis,
500 2337 561 2396 iam
576 2336 696 2411 pectine
711 2336 814 2411 puisat
827 2336 969 2403 eburno.

108 2417 166 2477 Hic
181 2434 278 2492 genus
293 2420 451 2496 antiquum
465 2421 580 2493 Teucri,
597 2420 800 2494 pulcherrima
814 2423 939 2501 proles,

108 2500 294 2575 Magnanimi
307 2504 430 2578 heroes,
445 2503 507 2563 nati
522 2503 698 2563 melioribus
715 2503 812 2578 annis,
1108 2540 1113 2547 -

108 2585 235 2659 Ilusque
247 2587 485 2661 Assaracusque
499 2594 530 2646 et
542 2588 651 2647 Troiae
665 2588 826 2647 Dardanus
842 2598 973 2655 auctor.
1031 2606 1077 2662 ooo
1108 2556 1117 2648 i

108 2669 204 2728 Arma
217 2670 328 2745 procul
341 2684 513 2743 currusque
526 2670 625 2729 virum
639 2671 763 2731 miratur
777 2672 907 2747 inanes;

110 2751 197 2813 Stant
209 2760 292 2813 terra
306 2752 428 2812 defixae
441 2752 557 2826 hastae,
574 2756 753 2829 passimque
767 2755 861 2816 soluti

108 2836 166 2897 Per
180 2852 320 2913 campum
335 2845 505 2912 pascuntur
518 2839 603 2911 equi=
628 2855 706 2914 quae
720 2840 818 2914 gratia
831 2853 991 2909 curruum

108 2922 334 2998 Armorumque
349 2922 404 2982 suit
416 2921 506 2995 vivis,
524 2938 603 2997 quae
618 2938 692 2982 cura
705 2925 835 2983 nitentes
1114 2964 1119 2989 .

108 3004 240 3066 Pascere
255 3022 362 3081 equos
377 3006 486 3065 eadem
500 3007 639 3080 sequitur
652 3008 759 3067 tellure
773 3014 937 3082 repostos.
1031 3028 1079 3085 aas
1115 3001 1119 3123 i

110 3089 275 3166 Conspicit,
292 3106 374 3164 ecce,
390 3090 468 3150 aiios
483 3090 591 3150 dextra
605 3093 754 3167 laevaque
768 3106 825 3167 per
838 3090 979 3161 herbam

107 3172 279 3235 vescentes
295 3176 468 3250 laetumque
483 3174 577 3234 choro
592 3173 713 3235 Paeana
728 3180 873 3236 canentes

107 3256 189 3316 Inter
204 3258 362 3318 odoratum
377 3258 454 3318 lauri
469 3273 584 3332 nemus,
600 3259 683 3318 unde
698 3274 834 3335 superne

107 3337 258 3401 Plurimus
271 3342 397 3402 Eridani
411 3357 468 3416 par
481 3342 590 3401 silvam
607 3343 737 3402 volvitur
749 3342 858 3403 amnis.

39 3422 163 3552 Effe
178 3440 297 3503 manus,
314 3426 354 3487 ob
369 3425 502 3503 patriam
512 3427 682 3523 pugnando
692 3427 826 3482 numera
833 3432 948 3505 passis
1029 3444 1079 3503 σω

137 3512 226 3597 tique
241 3513 434 3579 sacerdotes
447 3515 539 3583 casu,
553 3508 630 3567 dum
641 3512 709 3562 uita
717 3502 879 3569 mancha&
