2326 3780
420 180 621 244 MORETUM.
930 184 992 247 383

166 352 254 412 opus,
273 336 445 412 palmisque
461 352 549 396 suurn
564 336 668 395 dilatat
681 335 712 395 in
727 336 840 413 orbem,

153 428 171 481 ιι
184 421 344 497 impressis
359 436 459 495 aequo
476 420 649 479 discrimine
665 421 799 496 quadris.

154 505 214 563 nde
229 506 298 565 loco
314 537 327 545 -
342 504 457 580 cybale
471 504 669 564 mundaverat
684 511 788 580 aptum
956 517 993 568 50

152 605 231 648 >cum
245 620 258 631 ·
272 588 422 663 testisque
437 588 517 663 tegit,
533 595 764 664 superaggerat
778 589 873 663 ignes.

151 689 176 732 re
192 688 264 733 suas
278 673 399 749 peragit
411 672 568 732 Vulcanus
583 678 722 747 testaque
736 679 847 748 partes,

150 773 168 815 s
183 758 299 815 interea
314 771 412 815 vacua
426 771 488 815 non
500 764 605 817 cessat
619 757 649 815 in
664 756 772 826 hora;⁴

164 841 253 899 aliam
268 839 327 900 sibi
342 840 459 914 quaerit
473 855 572 917 opem,
586 856 646 899 neu
661 840 728 899 sola
743 839 844 914 palato

148 930 256 998 ignata
271 923 371 997 Ceres,
389 940 466 999 quas
482 921 593 999 iungat,
609 930 766 1000 comparat
780 938 878 982 escas.
955 930 991 983 55

148 1007 156 1065 i
171 1023 324 1083 suspensa
338 1008 441 1069 locum
456 1009 594 1067 carnaria
606 1008 698 1082 iuxta,

153 1091 218 1149 sale
232 1098 317 1165 terga
331 1092 396 1151 suis
411 1091 579 1167 truncique,
594 1091 759 1162 vacabant;

145 1191 188 1234 us
202 1175 335 1235 medium
350 1181 455 1250 sparto
471 1176 527 1235 sed
543 1192 652 1236 caseus
668 1175 782 1249 orbem,

144 1275 172 1317 rs
189 1258 324 1318 adstricti
340 1259 433 1318 lascis
448 1259 602 1332 pendebat
617 1259 728 1319 anethi.

143 1342 220 1400 ‚lium
234 1342 356 1400 molitur
371 1356 462 1416 opem
477 1342 535 1400 sibi
549 1343 697 1415 providus
713 1343 814 1403 heros.
956 1350 992 1404 60
1088 1342 1091 1347 ’

142 1462 145 1480 ,
161 1431 225 1501 erat
240 1425 358 1484 iunctus
375 1424 507 1496 casulae,
526 1441 616 1499 quem
632 1425 745 1485 vimina
758 1443 857 1501 pauca

142 1524 200 1568 tnro
215 1508 351 1568 recidiva
365 1508 426 1567 levi
441 1508 575 1567 munibat
589 1509 716 1580 arundo,

140 1609 167 1652 rs
183 1594 293 1668 spatio,
308 1592 402 1651 variis
418 1592 475 1652 sed
490 1592 596 1651 lertilis
611 1592 724 1650 herbis.

140 1677 155 1735 i
171 1677 283 1750 deerat,
301 1677 384 1751 quod
398 1676 544 1752 pauperis
560 1676 654 1750 exigit
667 1691 758 1734 usust

139 1777 186 1820 um
200 1762 338 1837 locuples
354 1777 373 1819 a
386 1774 523 1835 paupere
536 1762 629 1818 multa
642 1759 775 1835 petebat.
953 1766 988 1820 65

138 1853 226 1905 rmtus
242 1852 306 1905 erat
320 1844 394 1904 illud
411 1860 498 1920 opus,
516 1844 572 1902 sed
587 1844 693 1917 regula
708 1859 808 1902 curae.

137 1930 205 1988 ¹ndo
219 1944 349 1988 vacuum
365 1930 470 1989 casula
485 1929 646 2004 pluviasve
663 1926 803 1986 tenebant

136 2029 161 2073 'e
173 2014 234 2086 lux,
252 2013 279 2072 si
294 2013 371 2073 forte
387 2013 472 2073 labor
486 2012 628 2072 cessabat
643 2011 749 2081 aratri3

135 2112 208 2172 opus
225 2096 298 2156 illud
312 2103 385 2156 erat.
415 2098 524 2156 Varias
541 2098 695 2171 deponere
711 2095 830 2170 plantas

148 2188 177 2239 et
192 2184 328 2240 occultae
344 2181 530 2242 committere
545 2181 663 2240 semina
678 2187 784 2252 terrae,
955 2186 988 2240 lo

132 2280 220 2338 >sque
234 2272 304 2339 apte
320 2280 393 2324 cura
408 2264 583 2324 submittere
597 2266 691 2324 rivos.

133 2364 170 2406 us
186 2353 216 2405 et
229 2348 289 2406 late
304 2349 464 2408 fundentes
478 2348 605 2408 brachia
618 2349 707 2407 betae

130 2430 257 2505 ‚dusque
271 2447 378 2490 rumex
392 2434 572 2508 maluaeque
588 2434 750 2506 inulaeque
765 2429 910 2506 virebant,

130 2530 182 2574 ser
196 2521 225 2574 et
239 2514 330 2590 capiti
344 2532 455 2574 nomen
471 2515 613 2575 debentia
628 2532 729 2592 porra,

128 2598 204 2658 tiam
218 2614 350 2659 nocuum
365 2599 456 2676 capiti
470 2599 665 2674 gelidumque
680 2604 836 2675 papaver,]
952 2606 987 2660 75

127 2698 185 2759 que
199 2682 345 2743 nobilium
358 2684 482 2758 requies
497 2685 616 2742 lactuca
629 2683 774 2757 ciborum,

126 2768 182 2828 tris
197 2768 229 2828 in
243 2769 335 2827 latum
350 2768 485 2829 demissa
499 2767 655 2829 cucurbita
669 2776 815 2829 ventrem.

125 2852 207 2912 uhic
221 2868 283 2912 non
298 2852 412 2913 domini
426 2886 440 2895 -
456 2854 523 2929 quis
540 2854 619 2912 enim
634 2853 815 2914 contractior
830 2849 928 2908 illot-

124 2937 214 3013 »opuli
228 2944 396 3012 proventus
413 2936 486 3011 erat,
501 2938 657 3012 Nonisque
673 2936 781 2995 diebus

123 3038 162 3081 es
177 3022 303 3082 humero
319 3023 420 3082 luscos
435 3022 577 3096 portabat
590 3022 621 3080 in
635 3021 757 3079 urbem:
950 3025 987 3079 80

122 3105 243 3166 domum
259 3107 379 3165 cervice
393 3106 480 3177 levis,
497 3106 599 3179 gravis
616 3120 695 3176 aere,
711 3102 838 3177 redibat,

121 3204 246 3263 mquam
259 3189 366 3249 urbani
382 3189 541 3249 comitatus
556 3203 657 3247 merce
671 3188 799 3248 macelli.

127 3272 241 3332 rubens
257 3274 395 3349 sentique
410 3275 520 3333 famem
536 3274 639 3332 domat
654 3289 726 3332 area
741 3269 832 3348 porri,

119 3367 174 3431 que
188 3357 309 3416 trahunt
323 3360 384 3418 acri
398 3360 499 3419 vultus
514 3358 661 3417 nasturtio
676 3372 788 3431 morsu,

118 3457 198 3519 aque
213 3447 243 3502 et
256 3442 409 3507 Venerem
420 3459 572 3507 revocans
588 3459 679 3509 eruca
693 3446 869 3503 morantem.
949 3444 985 3499 85
