2326 3780
393 183 587 245 AENEIDOS
608 185 681 244 ΗΒ.
694 186 759 245 xil.
995 181 1059 247 323

121 341 318 399 Desertorem
332 338 428 397 Asiae
441 369 454 380 ·
469 338 597 397 sedeant
611 344 810 413 spectentque
823 313 922 399 Latini
932 372 961 414 ·,
1026 348 1060 402 15

123 425 161 483 Et
176 424 261 482 solus
277 423 356 480 lerro
373 422 485 480 crimen
500 437 659 482 commune
672 422 824 492 relellam3

121 515 188 571 ,Aut
201 506 312 565 habeat
324 505 433 576 victos,
449 505 539 565 cedat
551 505 678 564 Lavinia
693 505 836 565 coniux.“

121 593 163 650 illi
178 590 285 650 sedato
299 589 459 664 respondit
473 590 567 649 eorde
580 590 719 649 Latinus:

127 675 150 734 0
165 682 327 750 praestans
341 673 432 732 animi
447 673 576 747 iuvenis,
592 679 738 747 quantum
751 672 819 748 ipse
834 672 928 732 feroci

125 760 242 819 Virtute
256 772 436 832 exsuperas,
445 764 535 817 'lanto
549 772 598 815 me
613 757 781 831 impensius
795 772 928 831 aequum
941 763 989 816 est
1026 768 1062 819 uo

127 842 292 902 Consulem
307 849 399 916 atque
414 856 520 900 omnes
535 847 718 900 metuentem
732 841 907 915 expendere
923 857 1024 901 casus.

126 927 201 987 Sunt
213 926 267 985 tibi
280 940 375 999 regna
389 925 483 999 patris
497 925 605 997 Dauni,
621 932 691 984 sunt
706 925 822 999 oppida
836 932 925 1002 capta

126 1012 219 1070 Multa
232 1026 337 1080 manu3
361 1024 417 1068 nec
432 1024 494 1067 non
508 1024 677 1083 aurumque
687 1010 868 1082 animusque
879 1009 986 1069 Latino
998 1017 1060 1080 est;

128 1095 203 1154 Sunt
217 1094 294 1152 aliae
308 1094 453 1167 innuptae
466 1092 552 1152 Latio
568 1100 598 1151 et
609 1091 811 1152 Laurentibus
826 1094 917 1167 agris,
1064 1150 1072 1165 ,

125 1179 186 1237 Nec
201 1193 297 1252 genus
313 1177 489 1236 indecores:
512 1177 578 1236 sine
592 1192 641 1236 me
655 1176 732 1237 haec
742 1176 826 1237 haud
836 1179 941 1237 mollia
951 1179 1014 1238 latu
1026 1186 1061 1238 25

126 1262 259 1322 Sublatis
274 1262 393 1336 aperire
409 1261 497 1334 dolis,
513 1261 602 1319 simul
617 1261 676 1319 hoc
692 1261 792 1320 animo
806 1261 904 1321 hauri.

125 1347 174 1404 Me
189 1353 289 1405 natum
304 1344 376 1402 nulli
390 1349 527 1401 veterum
541 1344 661 1403 sociare
676 1359 839 1417 procorum

127 1431 185 1488 Fas
201 1436 272 1501 erat,
288 1428 381 1500 idque
397 1441 503 1486 omnes
519 1427 643 1501 divique
656 1426 858 1502 hominesque
872 1429 1037 1501 cauebant3

126 1515 234 1571 Victus
249 1526 352 1568 amore
365 1510 417 1581 tui,
433 1516 563 1583 cognato
578 1510 726 1583 sanguiue
739 1511 850 1583 victus,

128 1596 270 1668 Coniugis
287 1602 316 1652 et
329 1601 464 1652 maestae
478 1594 618 1666 lacrimis,
633 1593 735 1651 vincla
749 1594 850 1653 omnia
864 1594 941 1669 rupi,
1027 1604 1062 1657 30

126 1679 311 1738 Promissam
325 1678 422 1753 eripui
436 1692 559 1750 genero,
575 1692 658 1736 arma
671 1677 764 1751 impia
778 1677 883 1736 sumsi.

124 1764 174 1823 Ex
189 1764 239 1822 illo
256 1762 308 1835 qui
322 1778 370 1820 me
385 1776 485 1833 casus,
502 1776 589 1835 quae,
604 1760 712 1833 Turne,
728 1769 895 1835 sequantur

127 1848 221 1920 Bella,
237 1846 333 1920 vides,
351 1853 479 1919 quantos
495 1845 610 1920 primus
625 1845 741 1920 patiare
755 1843 886 1904 labores

128 1932 181 1990 Bis
196 1947 307 2005 magna
319 1930 390 1989 victi
406 1945 509 2004 pugna
525 1929 576 1988 vix
589 1928 664 1989 urbe
678 1936 797 1988 tuemur

128 2015 207 2093 Spes
222 2015 322 2088 Italas
337 2016 471 2074 recalent
484 2020 589 2072 nostre
604 2012 744 2072 Tiberina
758 2011 872 2072 fluenta
1014 2010 1062 2077 '35

127 2098 280 2174 Sanguine
295 2099 404 2171 adhuc,
421 2098 581 2173 campique
595 2099 733 2171 ingentes
749 2096 872 2157 ossibus
888 2096 998 2156 albent.

128 2182 192 2256 Quo
207 2184 323 2243 referor
336 2183 448 2242 toties?
469 2197 548 2255 quae
562 2189 692 2241 mentem
706 2181 826 2241 insania
840 2188 954 2241 mutat?
1057 2218 1060 2223 ‹

130 2267 162 2325 Si
175 2267 274 2326 Turno
290 2267 439 2326 exstincto
454 2265 558 2325 socios
573 2282 641 2324 sum
654 2265 775 2343 adscire
790 2272 929 2340 paratus:

130 2350 189 2409 Cur
202 2367 262 2409 non
276 2350 417 2409 incolumi
433 2350 536 2424 potius
551 2349 715 2408 certaniina
729 2350 825 2411 tollot

129 2433 205 2505 Quid
220 2434 437 2508 consanguinei
452 2434 561 2505 Rutuli,
579 2433 653 2507 quid
668 2440 768 2493 cetera
782 2433 864 2493 dicet
1027 2442 1062 2495 to

129 2517 221 2588 ltalia,
237 2517 277 2575 ad
291 2523 418 2576 mortem
433 2516 460 2576 si
474 2524 504 2576 te
518 2516 621 2576 -Fors
637 2512 718 2576 dic'ta
730 2517 851 2578 relutet!
863 2548 876 2559 ·

128 2600 325 2673 Prodiderim,
341 2607 441 2659 natam
455 2608 484 2659 et
502 2601 653 2662 connubia
666 2608 771 2661 nostra
785 2607 958 2678 petentem?

127 2685 259 2759 Respice
273 2700 324 2744 res
337 2683 418 2743 bello
433 2684 552 2754 varias;
573 2685 718 2745 miserere
731 2685 866 2761 parentis

126 2768 291 2843 Longaevi,
308 2783 399 2843 quem
413 2784 492 2828 nunc
506 2776 655 2829 maestum
669 2770 766 2844 patria
779 2771 885 2829 Ardea
898 2769 990 2840 longe

128 2854 270 2912 Dividit.“
304 2852 549 2928 Haudquaquam
564 2853 651 2913 dictis
665 2854 810 2914 violentia
823 2851 912 2912 Turni
1028 2854 1062 2907 ld

126 2938 256 3010 'lectitun
272 2943 438 3011 exsuperat
451 2936 558 3012 magis,
574 2938 786 3012 aegrescitque
800 2931 962 2994 medendo.

126 3021 146 3078 lt
161 3022 289 3095 primum
303 3021 360 3079 lari
374 3020 480 3095 potuit,
496 3021 541 3081 sic
555 3021 660 3081 institit
674 3035 744 3079 ore:

129 3104 222 3175 Quam
237 3119 292 3178 pro
303 3120 352 3163 me
364 3119 466 3164 curam
477 3104 568 3179 geris,
583 3104 663 3161 hanc
674 3116 792 3177 precor,
807 3098 929 3172 optime,
945 3112 1001 3171 pro
1013 3114 1062 3159 me

128 3188 282 3271 DeponqS,
296 3188 448 3262 letumque
462 3189 547 3248 sinas
561 3202 618 3261 pro
633 3185 724 3244 laude
736 3181 862 3258 pacisci.

128 3271 164 3329 Et
179 3287 236 3330 nos
251 3271 321 3345 tela,
336 3278 430 3346 pater,
446 3273 620 3343 lermmque
634 3268 717 3326 haud
732 3264 833 3325 deuito
848 3264 956 3327 dextra
1027 3278 1063 3333 oo

129 3354 316 3430 Spargimus,
331 3361 362 3414 et
375 3362 481 3415 nostro
496 3352 633 3427 sequitur
647 3350 686 3411 de
700 3349 825 3410 vuluerc
840 3350 974 3425 sanguis.

128 3439 232 3515 Longe
250 3438 292 3497 illi
307 3437 367 3498 dea
380 3445 476 3499 mater
491 3437 555 3511 crit,
572 3450 651 3509 quae
665 3432 745 3494 nube
760 3434 901 3509 fugacem

807 3519 873 3581 ul*
