2326 3780
210 185 273 253 208
477 186 511 245 P.
532 188 694 247 VIRGILII
714 186 908 251 MARONIS

209 343 311 418 „Haec
325 348 387 400 tum
401 340 525 401 nomina
539 346 634 413 erunt,
657 355 737 399 nunc
752 348 826 400 sunt
841 342 922 403 sine
940 348 1071 407 nominc
1083 354 1122 408 tur

209 425 306 500 „Quin
322 432 351 484 et
366 441 425 484 avo
441 426 581 484 comitem
596 439 668 483 sese
680 423 855 485 Mavortius
874 428 985 489 addet

209 510 384 584 „Romulus
400 510 547 569 Assaraci
563 524 653 583 quem
668 508 828 583 sanguinis
842 510 909 570 Iiia
925 523 1035 576 mater

210 595 354 670 „Educet
384 594 503 667 Viden',
518 600 551 653 ut
564 593 704 667 geminae
718 598 800 652 stant
813 596 946 656 vertice
962 601 1088 675 cristae,

209 680 267 755 „Et
281 686 368 754 pater
382 678 450 753 ipse
465 693 522 738 suo
538 678 686 751 superum
700 677 760 736 iam
775 676 882 752 signat
899 680 1059 746 honoret

209 765 284 838 „En
304 763 403 835 huius,
419 768 497 836 nate,
513 761 659 836 auspiciis
674 762 726 820 iila
739 762 857 839 inclyta
875 764 993 829 Roma

210 848 391 923 „imperium
406 847 503 918 terris,
520 846 638 905 animos
653 846 796 920 aequabit
812 844 970 925 Olympo,

210 932 417 1007 „Septemque
431 946 493 989 una
507 930 565 989 sibi
580 945 665 990 muro
682 930 886 991 circumdabit
902 950 1015 1013 arces,

210 1016 315 1089 „Felix
329 1015 416 1089 prole
430 1014 544 1074 virium:
568 1015 665 1087 quatis
680 1015 864 1091 Berecyntia
880 1027 993 1080 mater

211 1099 386 1173 „Invehitur
400 1113 490 1157 curru
504 1097 653 1173 Phrygias
668 1100 775 1160 turrita
788 1115 845 1174 per
859 1101 976 1177 urbeS,

210 1184 323 1260 „Laeta
338 1181 430 1241 deirm
444 1188 541 1256 partu,
557 1190 677 1241 eentum
692 1184 855 1258 complexa
869 1196 1029 1265 nepotes

211 1266 342 1341 „Omnes
358 1265 530 1339 coelicolae,
547 1282 653 1327 omnes
669 1284 782 1343 supera
795 1269 857 1327 alta
872 1276 1041 1335 tenentes.

211 1351 297 1424 „Huc
312 1348 449 1425 geminas
464 1366 544 1410 nunc
558 1349 648 1411 flecte
663 1353 755 1426 acies,
771 1353 850 1410 hunc
866 1354 1011 1431 adspice
1027 1368 1122 1435 genter

211 1436 448 1509 „Romanosque
461 1442 542 1495 tuos.
570 1437 626 1495 Hic
642 1436 754 1497 Caesar
767 1443 796 1496 et
812 1438 915 1498 omnis
933 1441 995 1502 Iuli

211 1518 405 1594 „Progenies
421 1536 563 1594 magnum
578 1521 656 1580 coeii
672 1529 799 1581 uentura
814 1521 871 1580 sub
888 1539 1001 1586 axem.

212 1603 287 1677 „Hic
302 1604 357 1678 vir,
372 1603 422 1663 hic
437 1611 493 1678 est,
508 1604 561 1664 tibi
576 1621 666 1680 quem
681 1606 814 1679 promitti
829 1607 965 1680 saepius
983 1614 1089 1689 audis,

209 1688 387 1763 „Augustus
403 1688 524 1763 Caesar,
538 1690 606 1750 Divi
621 1705 732 1763 genus:
758 1706 852 1749 aurea
867 1694 992 1755 condet

210 1772 363 1845 „Saecula
378 1773 428 1847 qui
443 1790 550 1833 rursus
563 1774 659 1848 Latio,
675 1782 801 1848 regnata
814 1789 871 1848 per
885 1791 971 1838 arva

211 1855 362 1930 „Satmno
379 1859 542 1932 quondam,
558 1865 696 1932 superet
710 1860 910 1918 Garamantas
927 1870 962 1921 et
978 1864 1080 1928 Indos

210 1940 366 2015 „Proieret
379 1941 554 2016 imperium;
576 1942 655 2001 iacet
668 1951 754 2001 extra
769 1941 871 2001 sidera
885 1944 997 2021 teiluS,

210 2024 323 2099 „Extra
337 2024 408 2084 anni
422 2024 566 2099 Solisque
580 2026 656 2099 viaS,
672 2026 723 2085 ubi
740 2026 864 2085 coeiiier
878 2028 976 2091 Atlas

209 2109 327 2181 „Axeru
341 2109 466 2168 humero
481 2116 604 2183 torquet
617 2111 713 2169 stellis
728 2110 904 2169 ardentibus
920 2122 1049 2188 aptum.

209 2192 325 2267 „Huius
340 2192 370 2251 in
386 2194 551 2254 adventum
566 2194 625 2254 iarn
640 2210 720 2253 nunc
735 2201 764 2253 ct
779 2194 890 2268 Caspia
904 2212 1013 2273 regna

210 2276 400 2351 „Responsis
415 2276 540 2337 horrent
554 2278 659 2337 divrim
673 2285 703 2337 et
716 2278 847 2337 Maeotia
861 2279 968 2355 teitus,

209 2360 266 2433 „Et
279 2362 510 2437 septemgemini
524 2362 645 2423 turbant
657 2364 778 2437 trepida
793 2362 871 2421 ostia
884 2362 959 2423 Niii.

209 2442 292 2517 „Nec
305 2460 381 2503 vero
394 2446 520 2507 Alcides
535 2454 648 2507 tantum
663 2447 778 2506 telluris
794 2445 899 2519 obivit,

210 2524 342 2600 „Fixerit
355 2530 531 2604 aeripedem
545 2546 667 2589 cervam
682 2532 760 2602 licet,
777 2536 827 2589 aut
840 2530 1036 2607 Erymanthi

210 2608 348 2681 „Pacarit
362 2626 487 2672 nemora
501 2620 532 2671 ct
544 2615 673 2673 Lernam
688 2612 889 2674 tremefecerit
903 2631 1004 2691 arcu3

209 2693 300 2767 „Nec
317 2694 369 2768 qui
383 2696 554 2770 pampineis
570 2698 667 2756 victor
681 2700 751 2772 iuga
765 2697 859 2757 flectit
872 2698 1025 2780 habenis,

209 2776 329 2849 „Liber‚
345 2792 441 2852 agens
456 2780 541 2841 celso
556 2781 660 2858 Nysae
674 2783 714 2841 de
729 2783 842 2842 vertice
855 2783 967 2856 tigres.

209 2861 265 2936 „Et
279 2860 452 2923 dubitamus
468 2864 569 2925 adhuc
583 2865 723 2925 virtutem
739 2867 906 2926 extendere
922 2869 1035 2953 tactis,

208 2948 292 3023 „Aut
304 2954 403 3008 metus
417 2948 558 3009 Ausonia
571 2950 712 3024 prohibet
727 2951 896 3011 consistere
911 2958 1028 3020 terrae

209 3030 303 3106 „Quis
318 3032 426 3107 procul
440 3032 491 3093 ille
506 3041 606 3094 autem
621 3035 713 3095 ramis
728 3034 855 3110 insignis
871 3035 991 3115 olivae,

209 3114 326 3191 „Sacra
340 3116 464 3177 fercnst
484 3118 586 3179 Nosco
603 3120 701 3180 crines
717 3120 888 3192 incanaque
902 3133 1014 3187 menta

209 3200 322 3273 „Regis
336 3200 474 3271 Romani,
490 3203 605 3277 primus
622 3204 673 3277 qui
690 3204 808 3278 iegibus
824 3202 932 3263 urbem

209 3282 388 3357 „Fundabit
404 3285 534 3347 Curibus
548 3287 654 3362 parvis
671 3296 701 3347 et
714 3302 851 3363 paupere
865 3292 950 3348 terra

209 3366 344 3438 „Missus
359 3368 390 3428 in
406 3369 566 3445 imperium
579 3388 731 3445 magnum.
763 3372 815 3431 Cui
831 3370 946 3432 deinde
963 3380 1101 3464 subibit,

97 3505 134 3562 Ι
204 3448 295 3525 „Otia
311 3450 362 3530 qui
377 3462 499 3533 rumpet
512 3454 642 3531 patriae,
651 3456 838 3524 residesque
847 3456 996 3517 monebu
