2326 3780
420 183 617 247 Annuiuos
636 186 801 253 mavul.
894 198 905 221 ·
1022 183 1088 253 24⁷

121 339 328 415 Suspiciunt3
349 338 458 417 iterum
472 345 565 412 atque
578 336 686 397 iterum
704 337 808 413 fragor
821 339 957 417 increpat
968 340 1102 419 ingens.—

119 430 227 487 Arma
240 423 319 482 inter
332 422 445 482 nubem
459 422 537 481 coeli
552 422 582 482 in
595 422 724 496 regione
737 437 849 495 serena

120 508 189 571 Per
203 508 315 567 sudum
328 505 452 567 rutilare
465 506 572 565 vident
585 512 616 565 et
629 506 721 581 pulsa
734 512 852 567 tonare.

121 590 326 667 'Obstupuere
340 590 530 661 animisalii3
553 590 611 649 sed
624 590 732 651 Troius
746 590 840 650 heros
1037 598 1089 655 nuo

124 676 267 753 Agnovit
281 674 412 735 sonitum
427 680 458 733 et
471 674 562 733 divae
574 673 729 747 promisse
742 673 889 749 parentis.

125 762 208 823 ¹{nm
221 766 382 819 memorati
404 756 467 833 „Nc
480 750 568 831 velo,
581 757 707 832 hospes,
723 772 763 817 ne
778 772 892 837 quaere
906 757 1055 833 prolecto,

129 844 249 921 „Quem
264 859 369 921 casum
382 846 524 918 portenta
537 842 650 901 ierenti
671 855 729 915 ego
744 855 859 917 poscor
874 840 1015 921 Olympo.

127 928 219 1005 „Hoc
235 928 354 1002 signium
368 926 478 985 cecinit
491 925 656 985 missuram
669 923 743 985 diva
757 926 896 999 creatrix,

130 1012 187 1089 „Si
200 1011 314 1071 bellum
327 1011 490 1086 ingrueret
504 1009 716 1085 Vulcaniaque
728 1025 815 1069 anna
827 1025 884 1093 per
897 1024 989 1069 auras
1038 1014 1090 1073 666

129 1096 293 1173 „Laturem
307 1094 432 1155 auxilio.

141 1181 218 1257 ,ileu
234 1186 366 1255 quantae
379 1178 500 1238 miseris
515 1178 627 1237 caedes
641 1174 844 1237 Laurentibus
858 1176 984 1237 instanti

129 1265 236 1341 „Quas
248 1278 367 1338 poenes
374 1262 456 1336 mihi,
466 1263 573 1336 inme,
587 1260 692 1321 dabist
714 1276 806 1336 quem
816 1261 912 1321 multe
921 1260 980 1323 snb
990 1257 1090 1321 undas

130 1348 247 1424 ‚¹,Scute
260 1347 359 1405 virum
374 1347 542 1420 galeasque
557 1351 587 1405 et
601 1344 692 1405 fortia
706 1360 839 1420 corpora
852 1346 972 1420 volves,

130 1431 266 1507 „Thybri
281 1437 383 1504 patent
403 1429 535 1488 Poscant
548 1428 632 1488 acies
647 1434 678 1489 et
690 1428 819 1490 loedere
830 1435 985 1507 rumpenti
994 1432 1013 1464 “
1038 1435 1092 1493 biti

130 1516 217 1575 Haec
230 1514 282 1573 ubi
297 1513 378 1571 diota
392 1512 485 1586 dedit,
501 1512 580 1571 solio
595 1527 631 1571 se
643 1512 721 1572 tollit
734 1512 773 1571 ab
787 1512 858 1587 alto,

130 1598 170 1659 Et
184 1596 314 1672 primum
327 1595 486 1654 Herculeis
500 1596 618 1670 sopitas
633 1595 755 1670 ignibus
770 1611 841 1655 eras

133 1680 275 1754 Suscitat,
291 1679 529 1754 hesternumque
542 1681 651 1739 Larem
664 1694 843 1755 parvosque
855 1679 985 1743 Penates

131 1764 246 1825 Laetus
261 1763 339 1835 adit3
361 1769 495 1822 mactant
508 1765 604 1822 lectas
620 1763 660 1824 de
673 1778 759 1822 more
772 1761 914 1827 bidentes

130 1847 293 1908 Evandms
308 1847 431 1924 pariter,
447 1847 560 1922 pariter
573 1846 704 1907 Troiana
717 1846 868 1907 iuventus.
1040 1854 1091 1911 trs

130 1932 206 1993 Post
219 1932 290 1992 hinc
304 1933 346 1991 ad
359 1946 458 1991 naves
472 1931 617 2006 graditur,
633 1930 801 2005 sociosque
813 1932 930 1993 revisit

128 2016 266 2091 Quorum
281 2017 322 2075 de
335 2030 473 2089 numero,
490 2015 542 2089 qui
556 2030 627 2075 sese
641 2014 671 2075 in
686 2013 768 2075 bella
781 2024 956 2093 sequantur,

129 2100 326 2160 Praestentes
341 2093 454 2159 virtute
468 2099 557 2174 legit3
581 2114 653 2174 pars
669 2105 772 2159 cetera
785 2114 885 2174 prona

130 2184 240 2245 Fertur
255 2200 344 2259 aqua,
359 2184 526 2258 segnisque
540 2183 680 2244 secundo
695 2181 803 2243 deiluit
816 2184 906 2257 amni,

130 2266 242 2326 Nuntia
255 2275 383 2328 venture
396 2268 532 2328 Ascanio
547 2283 710 2342 rerumque
722 2267 890 2342 patrisque.
1040 2274 1093 2333 tto

131 2349 248 2411 Dantur
262 2352 332 2425 equi
347 2353 471 2412 Teucris
485 2351 643 2429 Tyrrhena
654 2350 829 2426 petentibus
843 2354 934 2423 arta3

131 2432 253 2493 Ducunt
268 2442 420 2495 exsortem
434 2438 569 2511 Aeneae,
586 2450 677 2509 quem
692 2434 776 2494 lulva
789 2433 889 2495 leonis

132 2516 223 2577 Pellis
241 2517 303 2577 obit
316 2524 420 2593 totum,
436 2520 633 2594 praefulgens
646 2516 802 2593 unguibus
818 2518 930 2579 eureis.

174 2601 268 2662 Fama
282 2602 366 2663 volat
380 2618 506 2676 parvam
520 2603 622 2663 subito
636 2603 760 2677 vulgate
772 2603 957 2679 perurbem,
1053 2598 1057 2607 '

132 2685 226 2745 Ocius
241 2685 285 2744 ire
301 2686 419 2760 equites
433 2686 583 2764 Tyrrheni
597 2686 637 2747 ad
650 2686 741 2747 litora
753 2686 853 2762 regina
1039 2695 1092 2751 666

131 2770 215 2830 Vota
229 2776 311 2829 metu
326 2770 482 2844 duplicant
495 2776 617 2845 matres,
632 2770 825 2847 propiusque
838 2770 955 2846 periclo

130 2853 268 2927 retiner,
285 2859 315 2913 et
328 2855 426 2913 maior
438 2854 544 2914 Martis
558 2854 618 2913 iam
632 2860 762 2931 apparet
773 2854 887 2929 imago.

132 2936 208 2996 Tum
222 2944 311 3011 poten
323 2937 495 3011 Evandrus,
510 2938 650 2999 dextram
665 2938 845 3015 complexus
859 2938 968 3011 euntis,

131 3020 253 3093 Haeret,
268 3021 440 3096 inexpletus
454 3021 628 3094 lacrimans,
643 3038 681 3082 ac
693 3023 768 3081 talia
781 3022 875 3082 latur=

133 3102 179 3179 „0
194 3104 267 3163 mihi
281 3106 461 3180 praeteritos
475 3106 588 3165 referat
602 3104 629 3167 si
643 3106 759 3182 Iupiter
772 3119 881 3177 annos,
1038 3110 1092 3167 tot

133 3186 258 3261 „Qualis
273 3203 364 3262 eram,
381 3206 475 3265 quum
488 3190 616 3266 primam
630 3189 728 3249 aciem
740 3187 906 3249 Praeneste
920 3185 1075 3267 subipsa-

130 3269 255 3345 „Strevi
271 3279 485 3347 scutorumque
499 3273 621 3333 incendi
634 3274 734 3333 vietor
748 3286 888 3345 acervos,

132 3354 192 3429 „Et
206 3369 310 3428 regem
322 3354 381 3415 hac
393 3356 529 3417 Herilum
542 3357 651 3416 dextre
665 3356 722 3417 sub
737 3356 863 3415 Tartara
876 3354 983 3431 arisi·,

132 3437 297 3513 „Nascenti
312 3438 361 3499 eni
374 3445 438 3501 tres
452 3440 570 3501 animas
580 3440 714 3503 Feronia
725 3446 824 3501 meten
