2326 3780
102 206 166 271 106
373 206 407 266 Ρ.
427 206 589 269 VIRGILII
609 208 784 270 menonis

100 359 182 434 Ergo
198 360 296 422 omnis
310 360 403 436 longo
418 361 510 421 solvit
524 377 559 422 se
572 361 698 421 Teucria
712 362 809 434 luctu;

101 442 276 505 Panduntur
289 451 412 520 portaez
434 445 517 506 iuvat
530 446 573 504 ire
587 451 617 505 et
630 438 742 505 Dorica
755 452 855 507 castra

101 527 310 603 Desertosque
324 529 430 588 videre
444 530 531 589 locos
545 530 676 605 litusque
690 530 835 590 relictum.

100 610 157 672 Hic
171 611 324 689 Dolopum
336 629 454 688 manus,
468 613 517 673 hic
533 629 646 673 saevus
659 614 804 673 tendebat
816 615 969 688 Achilles3

100 695 258 757 classibus
273 696 323 756 hic
338 698 434 769 iocus,
449 696 499 756 hic
513 698 579 757 acie
594 703 710 756 certare
725 697 874 760 solebant.

99 777 174 841 Pars
189 787 291 856 stupet
304 781 448 855 innuptae
463 780 576 840 donum
591 781 713 840 exitiale
726 781 890 855 Minervae,

99 863 138 923 Et
151 866 263 924 molem
276 864 421 924 mirantur
435 864 514 939 equi.
549 864 729 940 Primusque
742 865 925 943 Thymoetes

100 946 177 1006 Duci
191 948 269 1007 intra
282 962 386 1007 muros
401 947 538 1007 hortatur
552 956 582 1008 et
597 965 667 1008 arce
681 950 784 1022 locari,

100 1029 174 1091 Sive
189 1031 271 1105 dolo,
287 1047 342 1090 seu
356 1031 416 1089 iam
430 1032 537 1090 Troiae
552 1033 597 1091 sic
612 1033 674 1091 iata
685 1033 833 1092 terebant.

100 1116 141 1175 At
155 1114 267 1191 Capys,
284 1123 314 1174 et
328 1130 456 1189 quorum
471 1116 578 1175 melior
592 1117 742 1176 sententia
754 1118 854 1191 menti,

80 1236 82 1241 -
99 1200 162 1258 Aut
175 1199 285 1273 pelago
300 1197 438 1258 Danaum
452 1199 580 1258 insidias
595 1208 801 1276 suspectaque
816 1201 898 1260 dona

98 1281 302 1356 Praecipitare
317 1282 420 1341 iubent
434 1282 642 1359 subiectisque
656 1300 745 1344 urere
759 1282 898 1358 flammis,

99 1368 161 1425 Aut
175 1365 328 1425 terebrare
342 1381 435 1426 cavas
450 1368 526 1426 uteri
541 1375 571 1426 et
584 1374 700 1427 tentare
715 1367 855 1427 latebras.

99 1449 254 1510 Scinditur
268 1450 414 1511 incertum
428 1451 529 1512 studia
543 1452 573 1510 in
589 1451 741 1512 contrarIa
753 1454 873 1526 vulgus.

98 1532 216 1593 Primus
231 1533 272 1593 ibi
289 1541 358 1595 ante
373 1551 488 1609 omnes
503 1552 614 1611 magna
629 1536 790 1596 comitante
805 1542 935 1607 caterva,

98 1617 244 1679 Laocoon
259 1620 372 1679 ardens
388 1636 507 1679 summa
521 1620 653 1680 decurrit
666 1618 704 1680 ab
720 1635 799 1694 arce,

97 1700 137 1763 Et
148 1703 271 1779 procul:
292 1701 335 1778 „0
350 1703 461 1777 miseri,
479 1720 557 1779 quae
571 1711 653 1764 tanta
666 1703 794 1776 insania,
810 1702 915 1762 cives?

97 1785 247 1864 „creditis
262 1795 389 1848 avectos
403 1787 518 1861 hostes
534 1795 585 1847 aut
598 1789 660 1847 ulia
673 1787 784 1863 putatis

98 1871 206 1948 „Dona
220 1887 324 1931 carere
339 1871 419 1931 dolis
433 1872 592 1931 Donatimt
613 1871 658 1931 sic
672 1878 762 1931 notus
773 1869 900 1929 Ulixes?

98 1956 180 2032 „Aut
193 1954 254 2014 hoc
268 1955 378 2015 inclusi
392 1955 474 2030 ligno
490 1956 678 2014 occultantur
690 1953 809 2026 Achivi,

97 2039 180 2115 „Aut
192 2039 269 2098 haec
283 2039 314 2097 in
328 2045 452 2098 nostros
466 2037 612 2098 fabricata
626 2044 674 2098 est
688 2037 828 2098 machina
840 2053 953 2109 muros,

96 2124 296 2201 „inspectura
310 2122 420 2182 domos
435 2129 625 2198 venturaque
640 2123 775 2197 desuper
790 2120 864 2194 urbi,

100 2209 182 2284 „Aut
196 2205 306 2281 aliquis
320 2207 393 2265 latet
407 2221 500 2265 error.
534 2205 622 2282 Equo
638 2222 676 2265 ne
691 2206 813 2277 credite,
829 2203 945 2263 Teucri.

97 2289 683 2448 stitutumtttttmt
692 2289 955 2432 ititifflw

246 2417 254 2445 2

96 2458 132 2518 In
146 2459 224 2517 latus
239 2456 333 2532 inque
347 2457 403 2517 ieri
418 2473 542 2517 curvam
556 2456 755 2532 compagibus
771 2456 872 2515 alvum

97 2540 259 2601 contorsit.
296 2540 384 2601 Stetit
398 2541 449 2601 illa
462 2549 604 2614 tremens,
620 2548 769 2616 uteroque
783 2554 910 2599 recusso

95 2625 264 2685 Insonuere
279 2639 374 2685 cavae
388 2625 593 2700 gemitumque
604 2625 722 2684 dedere
736 2639 901 2694 cavemae;

96 2708 143 2782 Et,
159 2709 186 2769 si
201 2709 263 2768 iata
278 2708 378 2784 desim,
395 2710 422 2769 si
436 2725 522 2769 mens
538 2725 601 2769 non
615 2710 704 2769 laeva
717 2709 834 2781 fuisset,

96 2793 261 2869 Impulerat
274 2793 354 2852 terro
368 2793 529 2868 Argolicas
544 2794 671 2854 foedare
684 2793 801 2853 latebra
1019 2803 1056 2857 55

94 2876 248 2952 Troiaque
262 2892 342 2937 nunc
357 2884 455 2937 stares
467 2876 639 2954 Priamique
654 2894 710 2937 arx
723 2879 784 2937 ulta
847 2880 952 2935 neres!

137 2962 227 3036 Ecce,
242 2976 352 3021 manus
367 2961 508 3021 iuvenem
521 2963 638 3023 interea
651 2968 724 3038 post
736 2968 822 3035 terga
835 2959 1005 3019 revinctum

96 3045 238 3107 Pastores
253 3060 364 3121 magno
379 3045 420 3105 ad
433 3061 537 3121 regem
552 3049 684 3108 clamore
698 3044 858 3105 trahebant

96 3130 300 3202 Dardanidae,
318 3130 369 3205 qui
384 3146 419 3190 se
432 3130 568 3206 ignotum
581 3129 772 3192 venientibus
787 3127 876 3199 uitm,

95 3214 167 3274 Hoc
177 3214 279 3289 ipsum
293 3220 327 3273 ut
340 3220 469 3279 strueret
481 3215 663 3290 Troiamque
677 3212 809 3289 aperiret
820 3209 958 3285 Achivis,
1017 3220 1058 3277 oo

97 3296 261 3369 Obtulerat,
276 3296 376 3359 fidens
390 3298 482 3359 animi
496 3306 588 3374 atque
600 3300 632 3360 in
645 3304 806 3371 utrumque
819 3300 955 3370 paratus,

96 3380 160 3443 Seu
173 3395 299 3441 versare
313 3382 403 3443 dolos
418 3399 472 3444 seu
488 3390 590 3443 certae
604 3380 785 3442 occumbere
798 3377 896 3439 morti.

96 3464 239 3542 Undique
252 3464 374 3527 visendi
387 3466 489 3528 studio
502 3466 632 3527 Troiana
645 3465 787 3549 iuventus
