2326 3780
419 215 615 279 icasmos
641 217 715 279 LIB.
736 218 788 277 lv.
1020 220 1081 285 155

119 371 212 451 „Nox
225 369 326 447 operit
339 376 446 445 terras,
462 372 584 445 quoties
598 379 683 431 astra
695 371 787 447 ignea
801 380 936 448 surgunt,

120 456 299 534 „Admonet
312 455 344 514 in
358 453 474 515 somnis
489 461 519 514 ct
531 455 655 515 turbida
667 462 760 516 terret
772 456 890 531 imag03

121 541 193 619 „Me
207 554 286 616 puer
297 538 452 599 meamus
466 538 639 616 capitisque
652 540 762 601 iniuria
776 542 847 615 cari,

122 624 240 703 „Quem
254 636 350 699 reguo
362 622 534 699 Hesperiae
547 624 656 684 liaudo
672 631 703 685 et
716 624 858 685 letalibus
872 625 965 686 aruis.
1028 636 1081 691 ³55

122 710 231 786 „Nunc
245 707 336 767 atiani
350 706 500 783 interpres
515 707 630 783 divdm,
645 708 720 769 love
733 708 848 770 missus
863 710 902 770 ab
917 711 1006 786 ipso·

122 794 253 870 „Testor
264 797 425 865 utriunque
439 799 565 867 caput,
589 794 706 854 celeres
720 793 865 856 mandata
878 809 936 870 per
948 810 1039 855 auras

123 876 269 953 „Detulitz
291 875 361 951 ipse
375 876 466 935 deum
480 876 643 938 manifesto
658 878 690 939 in
705 878 818 939 lumine
831 879 895 939 vidi

122 962 306 1039 „intrantem
319 974 435 1035 muros,
450 974 624 1037 vocemque
637 961 686 1022 his
701 962 825 1023 auribus
840 963 939 1024 hausi.

120 1043 256 1122 „Desine
269 1059 381 1120 meque
393 1043 453 1104 tuis
468 1045 634 1105 incendere
646 1052 740 1123 teque
754 1048 904 1124 querelis:
1028 1055 1080 1111 360

120 1128 258 1206 „ltaliam
271 1143 334 1188 nou
349 1135 460 1204 sponte
474 1132 619 1204 aequom*
988 1159 992 1165 ·

119 1213 206 1273 Talia
219 1213 371 1273 dicentem
386 1212 563 1273 iamdudum
577 1229 688 1275 aversa
703 1222 810 1289 tuetur,

119 1297 188 1359 Huc
202 1298 274 1358 illuc
287 1299 419 1358 volvens
434 1298 551 1373 oculos,
565 1305 724 1374 totumque
738 1307 876 1374 pererrat

120 1381 298 1443 Luminibus
312 1381 422 1457 tacitis,
437 1387 468 1442 et
482 1381 527 1442 sic
543 1397 675 1442 accensa
687 1383 840 1458 prolatum

120 1468 205 1542 „Nec
217 1465 272 1526 tibi
287 1465 361 1525 diva
373 1480 497 1544 parens,
512 1466 634 1541 generis
649 1482 707 1526 nec
715 1467 877 1527 Dardanus
891 1474 1006 1543 auctor,
1027 1476 1080 1533 ilde

121 1549 279 1625 „Perfide;
301 1548 359 1610 sod
373 1550 459 1611 duris
473 1550 579 1625 genuit
591 1557 622 1611 te
637 1551 776 1611 cautibus
790 1550 921 1611 horrens

119 1635 308 1710 „caucasus
323 1633 548 1710 Hyrcanaeque
563 1636 725 1695 admorunt
739 1635 834 1695 ubera
846 1635 951 1709 tigres.

80 1786 83 1791 ,
121 1719 219 1794 „Nam
234 1717 309 1794 quid
324 1717 494 1795 dissimulo,
510 1725 562 1779 aut
576 1733 657 1794 quae
671 1733 721 1778 mc
734 1717 775 1778 ad
789 1719 906 1779 maiora
920 1726 1068 1779 reservo?

120 1803 220 1879 „Num
236 1802 310 1863 lietu
323 1802 470 1877 ingemuit
483 1810 613 1864 nostros
634 1819 706 1864 num
722 1803 837 1862 lumina
851 1802 956 1862 flexiti
1026 1810 1081 1866 369

120 1888 219 1964 „Num
229 1886 371 1946 lacrimas
382 1886 483 1947 victus
494 1887 588 1963 dedii,
603 1893 655 1948 aut
668 1887 831 1959 miseratus
846 1893 997 1947 amantem
1011 1893 1081 1947 esti

121 1971 226 2047 „Quae
238 1970 350 2046 quibus
361 1971 549 2030 anteferam?
567 1972 632 2031 lam
647 1972 707 2031 iam
719 1986 777 2031 nec
788 1971 1012 2048 maximaluno,
1026 1978 1079 2036 llil

120 2055 204 2132 „Nec
220 2053 380 2115 Saturnius
394 2055 472 2115 hacc
486 2056 584 2116 oculis
600 2063 689 2131 pater
702 2055 835 2131 adspicit
848 2056 967 2130 aequis.

120 2140 301 2215 „Nusquam
314 2145 380 2199 tuta
392 2139 482 2199 fides.
510 2139 648 2200 Eiectum
661 2140 760 2216 litore,
775 2148 915 2215 egentem

120 2222 259 2300 „Excepi
274 2229 304 2283 ct
316 2222 404 2299 regni
418 2223 545 2284 demens
560 2227 590 2283 in
605 2231 693 2299 parte
707 2225 826 2295 locavi,
1059 2266 1067 2275 .

120 2307 299 2384 „Amissam
312 2306 454 2382 classem,
470 2308 576 2369 socios
591 2324 610 2368 a
623 2314 721 2370 morte
734 2308 844 2368 reduxi
852 2331 880 2363 :-
1026 2316 1080 2373 illo

120 2392 211 2469 „Heu
224 2391 311 2452 iuriis
325 2390 454 2452 incensa
467 2393 585 2453 lerort·
601 2407 682 2452 nuno
696 2408 793 2469 augur
804 2391 928 2469 Apollo,

120 2476 228 2553 „Nunc
241 2475 355 2551 Lyciae
370 2484 479 2551 sortes,
495 2492 576 2537 nunc
590 2483 621 2538 et
634 2476 710 2537 love
722 2476 837 2537 missus
851 2475 891 2536 ab
906 2476 976 2551 ipso
1036 2536 1040 2541 .

121 2559 297 2637 „interpres
312 2559 418 2631 dindm
432 2560 491 2619 lert
503 2560 630 2621 honida
644 2562 732 2621 iussa
745 2576 801 2637 per
815 2576 916 2621 auras.

121 2642 267 2721 „Scilicet
281 2644 308 2704 is
323 2644 444 2720 superis
458 2643 547 2705 labor
559 2651 616 2722 est,
631 2661 670 2705 ea
684 2660 759 2707 cura
773 2645 895 2721 quietos

121 2726 302 2806 ‚,Sollicitat
328 2728 436 2802 Neque
449 2733 480 2788 te
492 2735 593 2805 teneo,
609 2745 711 2807 neque
726 2730 808 2791 dicta
821 2730 939 2790 refello.
1029 2733 1082 2791 380

122 2812 167 2886 ,,Ι,
182 2826 314 2886 sequere
326 2812 444 2873 ltaliam
457 2812 574 2874 vendat
597 2821 670 2892 pete
682 2830 779 2890 regna
791 2829 851 2890 per
863 2813 981 2875 undas!

122 2894 243 2972 „Spero
258 2894 403 2973 equidem
416 2897 536 2972 mediis,
552 2896 580 2959 si
595 2898 669 2974 quid
683 2899 736 2974 pia
750 2898 875 2960 numina
888 2901 1029 2973 possunt,

122 2978 303 3057 „Supplicia
313 2980 485 3042 hausurum
499 2983 648 3059 scopulis,
663 2990 695 3043 et
707 2982 830 3043 nomine
844 2982 924 3042 Dido

122 3063 248 3142 „Saepe
261 3072 452 3127 vocaturum.
482 3064 603 3143 Sequar
616 3068 689 3128 atus
704 3066 826 3142 ignibus
841 3062 964 3137 absens,

122 3149 188 3225 „lit
209 3166 303 3226 quum
320 3150 432 3225 frigida
443 3165 527 3211 mors
543 3152 645 3212 anima
659 3150 817 3211 seduxerit
830 3156 923 3221 artus,
1027 3150 1081 3211 ⁸8⁵

121 3232 293 3307 „Omnibus
307 3234 415 3295 umbra
428 3234 506 3296 locis
521 3235 626 3296 adero.
655 3234 760 3308 Dabis,
783 3232 931 3310 improbe,
952 3246 1081 3309 poenas.

120 3317 287 3395 „Audiam
302 3319 423 3379 ethaeo
435 3319 543 3380 Manes
557 3318 661 3380 veniet
673 3318 746 3378 mihi
762 3319 843 3378 lama
856 3316 914 3378 sub
928 3316 1040 3379 imos.“

123 3400 179 3461 His
193 3402 331 3464 medium
342 3402 433 3465 dictis
449 3417 623 3464 sermonem
637 3401 804 3479 abrumpit,
815 3408 851 3462 et
860 3416 959 3461 muas

121 3486 222 3560 Aegra
236 3486 321 3563 rugit,
336 3502 437 3565 seque
451 3502 491 3551 cx
506 3490 609 3553 oculis
624 3488 743 3552 auertit
755 3495 790 3550 et
801 3488 923 3559 autent,
