2340 4296
362 636 559 698 AENEIDOS
580 638 653 699 LlB.
668 638 706 696 V.
950 634 1012 705 177

56 796 114 875 „Et
128 812 189 871 qua
203 790 334 853 servetis
348 796 525 851 revocatum
539 805 559 848 a
572 796 670 849 morte
683 789 825 851 Dareta.“

55 878 148 953 Dixit,
163 884 194 937 et
207 873 332 936 adversi
347 880 453 933 eentm
468 874 550 933 stetit
564 889 619 933 ora
634 874 763 949 iuvenci,

57 962 115 1039 Qui
130 963 243 1022 donum
258 958 399 1019 adstabat
414 972 546 1033 pugnae,
565 957 722 1033 durusque
736 959 863 1021 reducta

55 1047 191 1108 Librevit
206 1045 314 1104 dextra
326 1042 428 1101 media
443 1043 521 1102 luter
535 1056 649 1102 cornua
664 1051 776 1117 cestus,
811 1060 814 1065 ·

56 1132 192 1203 Arduus,
208 1127 397 1201 effractoque
412 1126 495 1185 illisit
509 1126 539 1185 in
554 1142 628 1185 ossa
643 1127 778 1187 cerebra.
961 1136 1014 1193 lau

59 1215 207 1276 Sternitur
221 1211 432 1285 exanimisque
446 1217 580 1271 tremens
595 1212 766 1285 procumbit
780 1212 861 1287 humi
875 1213 943 1275 hes.

58 1300 112 1360 lile
127 1314 220 1375 super
233 1297 311 1357 tales
325 1294 454 1355 effundit
469 1302 593 1371 pectore
608 1310 718 1354 vaces:

58 1384 162 1459 „Hane
177 1382 239 1457 libi,
255 1380 348 1456 Eryx,
364 1379 520 1439 nneliore'm
535 1380 665 1439 animam
681 1396 737 1456 prn
753 1389 850 1442 nieme
863 1382 983 1443 Daretis

57 1468 239 1543 „Perseum
262 1464 312 1523 hic
326 1463 425 1523 victur
439 1470 543 1524 cestus
558 1472 714 1539 artemque
728 1472 875 1541 rep0n0.“

99 1551 248 1612 Protenus
263 1548 387 1608 Aeneas
403 1548 494 1607 celeri
510 1556 625 1609 certare
640 1551 749 1624 sagitta
962 1558 1014 1615 aas

58 1637 175 1709 Invitat,
192 1636 243 1711 qui
260 1636 337 1693 torte
351 1633 454 1706 veiint,
469 1641 499 1692 et
514 1635 649 1708 pruentia
664 1636 757 1709 pauit,

59 1722 237 1797 ingentique
252 1734 343 1777 manu
358 1718 469 1776 malum
485 1718 524 1775 de
538 1733 617 1777 nave
632 1716 745 1777 Seresti

58 1806 161 1879 Erigit,
178 1811 207 1862 et
222 1802 378 1861 vulnerent
393 1801 518 1859 traiecto
534 1802 563 1859 in
580 1804 650 1859 lunc
665 1803 844 1875 errlumham,

59 1890 125 1962 Quo
141 1887 267 1946 tendunt
281 1884 401 1955 terrum,
417 1885 497 1942 male
512 1886 673 1957 suspendit
687 1885 725 1943 :rh
740 1888 810 1943 ulta

61 1974 239 2031 Convenere
257 1967 322 2037 viri,
339 1966 549 2040 deiectamque
564 1983 654 2025 aerea
668 1976 781 2026 sortem
963 1980 1015 2033 49⁰

60 2052 189 2127 Accepit
203 2050 306 2125 gulea3
332 2058 362 2109 et
377 2051 492 2125 primus
508 2052 639 2109 elamme
654 2052 790 2111 semnide

61 2134 248 2213 Hyrtacidae
263 2142 332 2193 ante
348 2148 454 2193 amnes
469 2134 532 2192 exit
546 2134 633 2192 lacus
649 2134 900 2209 Hippucnnntis3,

62 2222 157 2295 Quem
171 2218 265 2279 moda
280 2218 381 2277 nartali
396 2218 573 2277 Mnestheus
588 2218 750 2277 certamine
765 2221 862 2277 victor

61 2303 273 2380 Consequitur,
290 2302 377 2361 viridi
393 2302 570 2361 Mnestheus
586 2302 723 2361 evinctus
740 2304 830 2362 oliva.

59 2390 179 2450 Tertius
194 2386 353 2465 Eurytion,
369 2394 448 2459 tuus,
464 2400 483 2446 ο
498 2386 675 2455 clarissime,
693 2390 791 2463 t'rntur.
965 2395 1016 2450 aas

61 2473 210 2546 Pandare,
227 2469 278 2546 qui
295 2471 461 2546 quandam,
476 2472 580 2531 iussus
596 2470 783 2532 canlrmderc
800 2472 918 2547 laedas,

60 2558 94 2618 ln
108 2558 228 2618 medios
244 2556 336 2615 telum
352 2554 464 2614 tersisti
480 2555 596 2631 primus
610 2554 764 2623 Achivam

60 2642 222 2702 Extremus
237 2638 387 2716 galeaque
403 2640 462 2697 ima
477 2638 610 2699 subsidit
621 2644 760 2712 Acestes,

60 2733 165 2788 Ausus
180 2734 210 2786 et
224 2726 292 2801 ipse
306 2742 396 2785 manu
413 2725 557 2785 iuvenum
571 2732 687 2783 tentare
703 2725 846 2785 lahorem.

60 2811 136 2869 Tum
149 2809 260 2869 validis
276 2808 376 2867 llexes
392 2810 550 2868 incurvant
565 2808 680 2868 viribus
696 2824 786 2869 arcus
965 2818 1016 2874 teu

62 2892 121 2952 Pro
137 2908 172 2953 se
187 2892 317 2969 quisque
332 2889 398 2965 viri,
414 2900 445 2952 et
459 2893 641 2969 depromunt
655 2894 715 2952 tela
731 2893 890 2968 pharetris.

62 2975 222 3052 Primaque
236 2991 293 3051 per
306 2976 424 3035 coelum
439 2994 534 3035 nervo
551 2978 696 3036 stridente
711 2979 820 3053 sagitta

61 3060 249 3138 Hyrtacidae
264 3059 383 3119 iuvenis
398 3061 541 3121 volucres
558 3060 730 3121 diverberat
745 3078 844 3137 avarae,

60 3146 99 3206 Et
114 3146 195 3205 venit
209 3142 394 3218 adversique
410 3144 544 3220 infigitur
558 3144 668 3205 arbore
682 3146 762 3205 mali.

61 3222 216 3290 Intrem'uit
229 3228 338 3302 malus,
354 3228 513 3303 timuitque
528 3230 670 3289 exterrita
685 3230 794 3305 pennis
966 3241 1016 3293 505

60 3314 145 3390 Ales,
161 3323 191 3374 et
205 3312 318 3388 ingenti
334 3321 503 3373 sonuerunt
518 3314 620 3373 omnia
634 3315 754 3389 plausu.

61 3396 135 3457 Post
147 3414 219 3458 acer
232 3396 411 3457 Mnestheus
426 3398 560 3459 adducto
577 3398 710 3457 constitit
723 3412 806 3456 arcu.

60 3483 132 3542 Alta
145 3489 263 3557 petens,
278 3482 453 3556 pariterque
470 3484 577 3542 oculas
592 3484 746 3556 telumque
759 3480 900 3552 tetendit;

60 3568 119 3627 Ast
132 3566 231 3641 ipsam
246 3566 440 3626 miserandus
456 3581 544 3627 avem
559 3566 736 3641 contingere
751 3566 830 3623 terro

60 3650 127 3711 lion
143 3648 243 3721 valuit,
258 3650 359 3709 nudos
374 3656 405 3710 et
419 3651 540 3713 vincula
555 3651 636 3711 linea
649 3650 738 3724 rupit
966 3660 1018 3713 tto

61 3732 134 3809 Quis
149 3734 261 3794 innexa
274 3734 386 3809 pedem
402 3736 482 3794 malo
498 3734 653 3811 pendebat
667 3733 705 3792 ah
722 3734 796 3792 atto:

59 3818 115 3877 illa
127 3818 224 3878 Natos
238 3824 331 3893 atque
346 3826 411 3878 atra
424 3820 535 3881 volans
551 3821 580 3879 in
596 3816 699 3879 nubila
714 3818 797 3891 sugit.

58 3903 133 3962 Tum
147 3902 283 3979 rapidus,
299 3901 475 3965 iamdudum
492 3925 563 3967 arru
580 3910 727 3967 contenta
740 3910 854 3979 parata

102 4002 261 4047 vivemus.
796 3996 838 4049 lh
