2340 4296
415 664 611 726 nummos
638 664 712 726 tie.
733 666 785 727 lx.
1008 668 1073 731 263

116 819 240 885 Fraude
251 818 314 881 loci
327 824 358 879 et
371 818 481 891 noetis,
496 818 598 879 subito
611 816 752 879 turbante
767 820 903 895 tumultu,

118 904 312 981 Oppressum
324 902 406 979 rapit
418 908 450 963 et
462 908 624 967 conantem
638 902 768 979 plurima
782 904 907 964 trustra.

118 988 198 1064 Quid
213 986 326 1049 laciali
346 986 453 1061 quavi
468 986 620 1059 iuvenem,
638 986 751 1063 quibus
766 988 878 1049 audeat
892 990 984 1051 arnus

116 1074 266 1149 Eriperel
286 1088 326 1131 an
340 1086 412 1131 sese
427 1072 546 1131 medios
561 1072 726 1131 moriturus
741 1072 772 1130 in
787 1072 893 1133 hostes
1026 1086 1080 1139 too

116 1158 240 1231 lnlerat,
256 1164 286 1217 et
300 1154 460 1233 pulchram
474 1164 620 1231 properet
634 1171 690 1231 per
703 1156 831 1217 vulnera
844 1166 994 1219 mortemi

117 1240 210 1315 Ocius
224 1240 358 1301 adducto
371 1246 520 1315 torquens
534 1238 644 1299 hastile
657 1240 781 1314 lacerto,

117 1326 299 1401 suspiciens
313 1325 405 1385 aliam
419 1325 459 1383 ad
473 1322 599 1398 Lunam,
615 1326 662 1385 sic
676 1340 754 1385 uoce
768 1334 924 1400 precatur:

113 1411 189 1490 „Tu
206 1410 273 1481 dea,
290 1417 323 1471 tu
337 1422 487 1485 praesens
502 1416 609 1469 nostro
625 1424 769 1470 succurre
783 1408 891 1485 labori,

113 1498 299 1573 „astrorum
312 1493 411 1553 decus
426 1499 456 1554 et
469 1506 628 1554 ncmomm
641 1492 770 1554 Latonia
784 1502 904 1555 custos!
1025 1504 1079 1561 loe

113 1578 170 1655 „Si
185 1594 247 1653 qua
261 1578 321 1638 tuis
335 1593 483 1655 umquam
497 1593 554 1653 pro
569 1594 618 1638 me
633 1586 720 1654 pater
732 1578 887 1655 Hyrtacus
902 1580 964 1641 aris

113 1664 224 1741 „lione
237 1662 312 1739 tulit,
327 1662 355 1723 si
370 1677 433 1737 qua
445 1662 514 1739 ipse
529 1663 605 1723 meis
620 1662 783 1724 venatibus
798 1664 879 1738 auxi,

112 1747 335 1825 „suspendive
348 1746 444 1823 tholo,
459 1754 511 1807 aut
525 1762 615 1807 sacra
627 1748 668 1806 ad
683 1747 805 1821 lastigie
818 1746 889 1819 fixi;

112 1832 223 1908 „llune
237 1832 305 1892 sine
315 1846 364 1892 me
379 1832 503 1893 turbare
516 1831 650 1905 globum,
665 1838 696 1891 et
708 1846 783 1906 rege
797 1832 859 1891 tela
872 1848 929 1908 per
941 1838 1076 1895 auras!“

112 1916 247 1989 Dixerat,
263 1924 371 1977 ettoto
386 1916 537 1977 connixus
553 1930 684 1990 corpore
699 1916 812 1975 lerrum
1022 1926 1077 1981 lto

114 1998 253 2059 coniicit.
280 2000 377 2059 llasta
390 2000 501 2059 volans
515 2000 614 2059 noctis
630 1998 803 2059 diverberat
816 1998 948 2073 umbras,

113 2082 154 2141 Et
166 2082 249 2142 venit
263 2084 365 2144 aversi
379 2084 411 2143 in
424 2091 544 2159 tergum
559 2082 723 2155 Sulmonis,
739 2080 843 2157 ibique

113 2166 275 2241 Frangitur
288 2182 325 2227 ac
339 2168 416 2229 lisso
432 2168 539 2228 transit
554 2168 736 2247 praecordia
748 2166 842 2241 ligno.

113 2250 256 2313 Volvitur
269 2251 321 2311 ille
335 2268 463 2313 vomens
478 2252 611 2312 calidum
626 2252 665 2311 de
679 2258 805 2327 pectore
818 2249 932 2313 llumen

111 2334 265 2411 Frigidus,
280 2343 310 2395 et
324 2336 425 2412 longis
441 2336 624 2411 singultibus
638 2336 690 2395 ilia
703 2336 814 2413 pulsat.
1021 2344 1073 2399 lis

111 2420 234 2479 Diversi
250 2420 514 2497 circumspiciunt=
536 2420 596 2481 hcc
609 2420 711 2481 aerim
724 2420 806 2480 idem

110 2504 193 2565 Fece
206 2505 290 2565 aliud
304 2520 424 2565 summa
438 2506 532 2566 telum
546 2504 676 2565 librabat
689 2504 728 2565 ab
743 2520 829 2565 aure.

110 2588 191 2650 ilum
204 2589 366 2665 trepidant,
382 2590 416 2649 iit
429 2590 519 2651 hasta
531 2590 614 2665 Tago
630 2605 687 2665 per
699 2598 821 2664 tempus
835 2596 1005 2665 utrumque,

110 2672 262 2744 Stridens,
278 2674 466 2749 traiectoque
480 2674 580 2735 haesit
593 2676 745 2751 tepelacta
759 2674 896 2733 cerebro.

111 2754 219 2815 Saevit
232 2765 321 2818 atrox
334 2758 499 2835 Volscens,
514 2774 572 2819 nec
585 2759 637 2819 teli
652 2758 802 2833 conspicit
818 2772 948 2833 usquam
1018 2766 1073 2820 000

111 2844 285 2914 Auctorem,
302 2856 360 2902 nec
374 2858 437 2918 quo
452 2844 615 2903 scandens
631 2844 789 2903 immittere
804 2842 913 2919 possit.

111 2924 178 2997 „Tu
190 2930 291 2985 tamen
305 2926 422 2987 interca
435 2928 535 2988 calido
550 2928 623 2987 mihi
639 2927 788 3001 sangiune
801 2942 919 3003 poenas

110 3006 294 3081 „Persolvcs
308 3010 487 3072 amborum
502 3012 614 3088 inquit,
637 3012 727 3072 simul
743 3026 817 3072 ense
830 3012 952 3073 recluso

108 3090 177 3153 ibat
191 3092 221 3153 in
235 3093 413 3173 Empulum.
441 3096 516 3155 Tum
531 3112 606 3157 vero
621 3096 793 3171 exterritus,
808 3112 924 3172 amens,

108 3176 287 3239 Conclamat
300 3179 402 3251 Nisus,
418 3194 475 3240 nec
490 3194 525 3239 00
540 3182 641 3241 celare
655 3181 790 3241 tenebris
1018 3190 1071 3242 000

106 3261 251 3339 Amplius
267 3270 319 3324 aut
332 3270 447 3325 uncmn
461 3266 559 3341 potuit
573 3267 709 3341 perferre
724 3266 871 3327 dolorem.

105 3344 188 3423 „lle
204 3362 262 3420 me,
277 3348 388 3409 adsum
403 3349 455 3424 qui
471 3350 538 3424 leci,
553 3350 583 3409 in
598 3366 647 3409 me
662 3350 830 3410 convertite
845 3350 966 3421 ferrum,

105 3428 153 3505 „0
168 3430 286 3493 Rutuli!
308 3448 378 3493 mea
392 3434 475 3495 lraus
491 3434 607 3504 omnis;
630 3434 703 3493 nilril
717 3435 776 3494 iste
787 3447 844 3492 nec
858 3448 961 3505 ausus,

106 3514 191 3590 „Nec
206 3516 321 3591 potuit:
344 3519 464 3579 coelum
477 3518 537 3578 hoc
552 3526 582 3578 et
596 3519 723 3579 conscia
737 3517 841 3579 sidera
853 3523 965 3585 testor,

105 3598 256 3671 „Tantum
270 3600 422 3663 inlelicem
436 3602 561 3663 nimium
575 3603 682 3663 dilexit
696 3602 855 3661 amicum.“
1015 3606 1069 3663 000

104 3681 191 3742 Talia
205 3683 287 3745 dicia
301 3686 409 3757 dabat;
431 3688 489 3748 sed
504 3688 620 3747 viribus
635 3686 719 3746 ensis
735 3686 863 3745 adactus

104 3766 278 3830 'liunsnbiit
291 3776 404 3846 costas,
426 3778 457 3832 et
469 3772 602 3831 candidu
617 3778 744 3847 pectore
756 3770 877 3845 rumpit.

104 3849 248 3912 Volvitur
261 3853 414 3933 Euryalus
429 3856 500 3928 leto,
517 3856 727 3931 pulchrosque
741 3870 798 3931 per
811 3860 896 3914 artus

102 3932 132 3994 lt
145 3948 244 4013 cruor,
259 3938 353 4015 inque
366 3940 511 4003 hmueros
526 3940 635 4003 cervix
649 3940 798 4019 collapsa
806 3934 990 4001 renuntia·-
