2326 3780
152 195 194 263 ‘lb
421 200 453 261 P.
473 200 636 261 vlltclult
656 199 832 261 mumolus

153 351 309 427 Quemque
324 352 383 413 sibi
396 359 503 413 tenues
518 358 694 412 nascentem
708 367 867 413 arcessere
881 354 977 415 vitas=

153 434 275 497 Scilicet
287 437 348 497 huc
360 438 448 497 reddi
463 437 575 497 deinde
589 451 627 495 ac
639 438 776 497 resoluta
788 436 894 496 relerri
1055 445 1109 502 225

154 518 267 593 Omnia,
283 536 340 581 nec
354 523 443 581 morti
458 536 530 581 esse
542 521 652 591 locum,
670 521 727 580 sed
742 521 815 579 viva
830 521 934 581 volare

153 602 269 664 Sideris
285 605 314 664 in
330 621 487 665 numerum
502 611 594 678 atque
608 605 669 663 alto
684 605 852 664 succedere
865 607 964 666 coelo.

194 686 227 748 Si
244 689 366 764 quando
379 690 486 749 sedem
500 695 660 763 angustam
675 696 859 763 servataque
873 690 965 749 mella

151 770 314 833 Thesauris
329 773 458 841 relines3
480 772 564 847 prius
578 771 690 833 haustu
705 788 833 848 sparsus
847 788 996 848 aquarum

153 857 212 918 Ora
227 857 307 927 love,
323 856 485 930 fumosque
499 871 589 915 manu
603 857 770 931 praetende
785 870 946 932 sequaces.
1055 868 1108 923 leo

150 940 204 999 Bis
219 940 364 1014 gravidos
379 948 492 1014 cogunt
505 940 593 1013 letus,
615 940 677 1000 duo
690 947 830 1016 tempora
846 942 958 1001 messis

151 1023 285 1099 Taygete
300 1024 388 1083 simul
403 1039 440 1083 os
453 1024 542 1083 terris
557 1024 690 1084 ostendit
703 1024 864 1084 honestum

150 1106 231 1167 Plias
246 1114 275 1166 et
291 1106 403 1185 Oceani
417 1114 540 1183 spretos
554 1108 635 1181 pede
649 1109 761 1184 repulit
774 1124 898 1178 amnes;

151 1194 212 1250 Aut
226 1192 333 1251 eadem
349 1191 435 1251 sidus
450 1191 569 1267 fugiens
584 1191 635 1250 ubl
649 1190 746 1252 Piscis
762 1193 872 1267 aquosi

150 1274 276 1335 Tristior
289 1275 433 1337 hibernas
447 1276 535 1335 coelo
550 1275 710 1337 descendit
722 1277 754 1336 in
768 1277 878 1337 undas.
1051 1286 1103 1340 235

150 1358 214 1418 Illis
227 1359 273 1419 ira
286 1360 410 1420 modum
424 1376 518 1435 supra
532 1366 586 1432 est,
602 1360 767 1435 laesaeque
780 1375 931 1420 venenum

150 1442 304 1503 Morsibus
319 1444 477 1519 inspirant,
493 1451 522 1505 et
537 1445 657 1520 spicula
671 1460 765 1504 caeca
777 1445 951 1519 relinquunt

149 1527 272 1587 Alilxae
287 1528 384 1602 venis,
397 1529 576 1604 animasque
591 1528 622 1587 in
638 1529 764 1589 vulnere
777 1535 904 1604 ponunt

152 1610 205 1671 Sin
220 1612 327 1672 duram
340 1620 457 1673 metues
472 1613 603 1673 hiemem
617 1628 788 1689 parcesque
804 1614 913 1682 laturo,

152 1695 365 1772 contusosque
378 1699 496 1758 animos
512 1704 541 1757 et
554 1713 605 1757 res
620 1696 805 1757 miserabere
819 1697 949 1765 tractas;
1052 1706 1104 1759 ilo

149 1783 190 1840 At
205 1781 310 1841 suffire
323 1782 428 1859 thymo
443 1797 593 1856 cerasque
607 1782 745 1841 recidere
759 1781 868 1839 inanes

151 1864 223 1938 Quis
238 1865 375 1925 dubitata
394 1882 465 1926 nam
480 1882 576 1941 saepe
590 1866 680 1926 lavos
694 1865 816 1940 ignotus
832 1862 937 1923 adedit

151 1947 264 2021 Stellio,
282 1957 311 2009 et
325 1950 466 2024 lucifugis
481 1956 629 2024 congesta
642 1948 754 2009 cubilia
767 1948 878 2020 blattis,

148 2033 354 2108 Immonisque
369 2036 482 2094 sedens
497 2033 597 2092 aliena
610 2032 650 2092 ad
665 2033 778 2108 pabula
792 2033 895 2101 lucus;

148 2121 209 2179 Aut
223 2133 316 2192 asper
330 2117 437 2177 crabro
451 2116 619 2192 imparibus
634 2132 670 2177 se
685 2117 846 2176 immiscuit
857 2114 959 2189 armis,
1050 2124 1102 2178 245

148 2205 211 2261 Aut
225 2201 330 2271 diram,
346 2201 454 2273 tincae,
468 2217 581 2275 genus3
603 2208 656 2260 aut
669 2200 769 2260 invisa
782 2201 936 2259 llllnervae

148 2284 251 2345 Laxos
267 2285 296 2343 in
312 2284 428 2344 loribus
445 2284 606 2361 suspendit
618 2301 731 2345 aranea
744 2300 862 2345 casses.

150 2368 215 2443 Quo
230 2368 326 2442 magis
343 2369 509 2429 exhaustae
523 2370 641 2439 luerint,
656 2369 716 2429 boc
732 2370 833 2429 aerius
847 2384 955 2429 omnes

148 2452 326 2513 Incumbent
340 2453 460 2528 generis
475 2454 554 2529 lapsi
569 2453 684 2515 sarcire
697 2453 811 2527 nanas,

150 2535 409 2612 complebuntque
423 2538 508 2598 loros
523 2544 553 2598 et
566 2537 694 2597 llorlbus
708 2537 820 2597 horrea
832 2544 945 2597 terent.
1048 2544 1103 2598 250

192 2618 225 2680 Si
240 2636 322 2694 vero,
340 2621 483 2696 quoniam
498 2636 589 2681 casus
604 2620 715 2697 apibus
731 2637 854 2698 quoque
868 2627 993 2681 nostros

148 2705 220 2764 Vita
233 2705 306 2777 tulit,
322 2706 399 2765 tristi
412 2704 597 2781 languebant
610 2720 743 2781 corpora
755 2706 872 2777 morbo,

150 2788 238 2863 Quod
252 2789 311 2847 Iam
325 2804 388 2849 non
403 2788 504 2850 dubiis
519 2790 634 2866 poteris
649 2805 838 2865 cognoscere
852 2790 969 2864 signis-

151 2873 297 2934 Coutinuo
314 2880 362 2934 cst
375 2874 476 2949 aegris
491 2875 572 2935 alius
584 2874 686 2945 color3
708 2874 960 2934 horridavultum

148 2957 304 3017 Delormat
318 2957 448 3027 macies;
470 2964 533 3018 tum
547 2972 680 3034 corpora
693 2959 762 3018 luce
774 2964 930 3017 carentum
1048 2964 1103 3017 255

148 3040 318 3117 Exportant
329 3042 417 3102 tectis
432 3049 461 3102 et
474 3042 571 3103 tristia
584 3042 693 3103 lunera
706 3042 836 3111 ducunt3

148 3126 211 3186 Aut
224 3126 295 3187 illae
309 3126 440 3203 pedibus
455 3138 613 3188 eunome
627 3126 666 3187 ad
682 3126 786 3185 limina
799 3124 943 3202 pendent

148 3210 212 3269 Aut
224 3210 305 3271 intus
320 3211 434 3271 clausis
448 3218 626 3273 cunctantur
639 3211 670 3269 in
683 3209 823 3281 aedibus,
843 3222 951 3269 ournes

148 3292 344 3371 ignavaeque
358 3297 437 3355 lame
451 3302 482 3355 et
496 3302 651 3357 contracto
665 3294 779 3369 frigore
794 3293 915 3369 pigrae:
1017 3322 1020 3327 ·

33 3440 37 3445 .
148 3376 222 3438 Tum
237 3394 333 3439 sonus
348 3380 468 3441 auditur
481 3378 612 3455 gravior,
626 3378 805 3453 tractimque
819 3381 989 3449 susurrant,
1050 3376 1105 3433 fio

146 3458 289 3540 Frigidus
303 3470 337 3523 ut
350 3464 504 3539 quondam
516 3463 605 3523 siluis
620 3462 827 3523 immurmumt
839 3463 961 3535 Auster,
