2326 3780
373 181 569 243 AENEIDOS
588 182 661 243 LlB.
676 182 699 240 1.
971 176 1013 243 87

60 335 164 412 „Gens
178 333 300 393 inimica
313 333 386 393 mihi
400 335 590 411 Tyrrhenum
605 333 727 409 navigat
743 348 868 407 aequor,

63 419 167 496 „Ilium
194 418 225 477 in
238 417 354 477 ltaliam
368 426 495 494 portans
509 419 671 491 victosque
683 416 827 477 Penates=

62 502 187 577 „incute
202 501 264 559 vim
277 502 377 561 ventis
392 502 631 576 submersasque
645 500 739 561 obme
754 515 885 577 puppes,

64 588 144 661 „Aut
158 600 214 659 age
230 585 371 646 diversos
387 592 416 645 et
430 586 539 646 disiice
553 601 685 660 corpora
696 591 801 660 ponto.
938 594 944 605 '
979 590 1016 647 io

63 669 162 744 „Sunt
175 668 248 727 mihi
261 667 311 728 bis
325 676 443 745 septem
456 670 624 746 praestanti
638 683 768 745 corpore
781 667 950 744 Nymphae,

62 753 226 827 „Quarum
243 768 322 827 quae
336 754 434 813 lorma
446 754 648 830 pulcherrima
661 752 808 828 Deiopea,

63 835 242 911 „Connublo
258 836 380 912 iungam
394 837 495 897 stabili
509 838 726 914 propriamque
742 834 861 909 dicabo,

61 918 199 994 „0an
212 926 245 980 ut
258 927 358 981 tecum
371 922 486 983 meritis
500 938 557 999 pro
572 920 683 981 talibus
697 935 795 979 annos
1036 966 1041 977 .

63 1003 193 1079 „Erigat
206 1011 236 1065 et
249 1006 378 1080 pulchra
392 1007 483 1066 iaciat
495 1014 526 1066 te
539 1006 627 1082 prole
639 1008 826 1081 parentem.“
981 1008 1015 1065 75

62 1089 178 1149 Aeolus
193 1088 270 1148 haec
285 1096 405 1150 contra:
428 1090 538 1163 „Tuus
555 1090 701 1165 oregina,
717 1088 790 1163 quid
805 1094 903 1164 optes,
1007 1094 1010 1099 '

12 1236 21 1251 ἱ
61 1172 252 1248 „Explorare
265 1173 361 1248 labor,
375 1173 448 1233 mihi
462 1175 547 1235 iussa
561 1188 725 1250 capessere
738 1174 786 1233 las
801 1179 857 1233 est.

62 1255 128 1329 „Tu
141 1256 222 1330 mihi,
238 1257 455 1331 quodcumque
467 1257 528 1317 lroc
542 1257 636 1332 regni,
652 1264 685 1317 tu
699 1262 820 1332 sceptra
833 1256 998 1333 lovemque

63 1338 244 1411 „concilias
259 1346 290 1398 tu
306 1340 363 1400 das
378 1341 476 1416 epulis
491 1340 671 1400 accumbere
686 1340 799 1414 divbm,

37 1482 40 1487 ,
62 1420 321 1497 „Nimborumque
335 1423 412 1482 lacis
426 1430 700 1500 tempestatumque
712 1428 898 1499 potentem.“
980 1432 1017 1487 80

64 1503 148 1562 Haec
162 1503 214 1564 ubi
228 1504 318 1577 dicta,
336 1522 444 1567 cavum
459 1512 611 1567 conversa
624 1506 752 1581 cuspide
765 1513 899 1567 montem

63 1587 185 1661 Impulit
198 1588 230 1646 in
243 1588 333 1663 latus,
349 1604 385 1648 ac
399 1591 491 1664 venti,
506 1591 591 1649 velut
604 1590 723 1665 agmine
739 1590 828 1663 lacto,

62 1670 131 1743 Qua
145 1671 216 1730 data
230 1678 328 1747 porta,
343 1680 435 1733 ruunt
449 1681 478 1734 et
491 1680 588 1733 terras
603 1672 722 1733 turbine
736 1670 876 1747 perflant.

63 1754 233 1815 incubuere
247 1756 331 1829 mari,
347 1763 505 1832 totumque
519 1773 538 1817 e
551 1756 677 1817 sedibus
692 1755 760 1815 imis

21 1870 24 1875 ·
63 1838 131 1899 Una
144 1839 307 1915 Eurusque
320 1841 479 1916 Notusque
492 1847 582 1902 ruunt
596 1839 763 1914 creberque
776 1838 920 1915 procellis
982 1847 1017 1902 85

62 1922 194 1998 Alricus,
209 1931 239 1983 et
252 1931 359 1985 vastos
373 1926 502 1987 volvunt
514 1925 555 1986 ad
568 1925 658 1987 litora
670 1922 792 1984 fluctus.

62 2002 236 2083 insequitur
250 2008 427 2086 clamorque
440 2010 540 2071 virdun
555 2009 729 2083 stridorque
742 2007 912 2067 rudentum.

61 2090 200 2168 Eripiunt
213 2092 314 2153 subito
329 2093 427 2155 nubes
443 2095 624 2169 coelumque
637 2093 781 2168 diemque

60 2174 246 2237 Teucrorum
260 2193 300 2237 ex
314 2178 428 2239 oculisz
449 2184 545 2254 ponto
559 2194 623 2239 nox
637 2176 759 2238 incubat
772 2182 852 2246 atra;

63 2259 224 2320 Intonuere
237 2261 311 2337 poli,
326 2268 357 2323 et
371 2261 488 2323 crebris
502 2263 593 2323 micat
606 2260 726 2336 ignibus
742 2259 855 2332 aether,
912 2326 918 2343 Ι
982 2267 1018 2325 90

62 2338 319 2420 Praesentemque
330 2346 406 2407 viris
420 2346 567 2407 intentant
581 2345 683 2406 omnia
696 2351 833 2405 mortem.

62 2424 223 2502 Extemplo
238 2428 362 2489 Aeneae
379 2431 538 2490 solvuntur
553 2430 665 2506 frigore
678 2427 829 2499 membra;

63 2507 191 2581 Ingemit
205 2516 243 2583 el,
259 2511 399 2587 duplices
413 2515 543 2575 tendens
557 2514 600 2573 ad
617 2512 720 2573 sidera
733 2512 865 2589 palmas,

61 2590 148 2649 Talia
160 2606 240 2653 voce
253 2594 360 2655 relert=
382 2595 427 2670 „0
441 2604 550 2674 terque
564 2604 733 2673 quaterque
748 2597 837 2673 beati,

58 2672 160 2751 „Quis
175 2683 246 2737 autc
260 2690 314 2739 ora
327 2685 447 2754 patrum
459 2681 568 2743 Troiae
582 2682 640 2744 sub
654 2681 814 2743 moenibus
828 2681 897 2743 altis
981 2688 1017 2745 95

62 2757 216 2835 „contigit
229 2768 391 2837 oppetere!
414 2763 438 2825 0
452 2764 591 2827 Danaum
605 2766 769 2827 fortissime
782 2765 891 2841 gentis,

62 2841 213 2919 „Tydide
227 2860 318 2909 mene
329 2846 431 2911 Iliacis
447 2850 629 2911 occumbere
642 2849 760 2927 campis

62 2926 150 3000 „Non
165 2929 315 3007 potuisse
328 2938 443 3010 tuaque
457 2935 589 2995 animam
602 2933 682 2995 banc
696 2931 855 2994 effundere
870 2930 993 2993 dextra:

63 3010 203 3085 „Saevus
218 3014 271 3077 ubi
283 3016 441 3079 Aeacidae
453 3019 516 3079 telo
530 3018 609 3079 iacet
622 3017 743 3091 Hector,
758 3016 810 3077 ubi
824 3016 932 3091 ingens
1006 3092 1009 3097 Ι

61 3095 255 3173 „Sarpedon
269 3098 321 3161 ubi
335 3108 381 3161 tot
393 3100 507 3163 Simois
522 3110 663 3178 correpta
676 3100 734 3162 sub
748 3099 840 3160 undis
966 3104 1018 3163 loo

62 3178 176 3254 „Scuta
188 3182 288 3245 virum
301 3185 469 3261 galeasque
483 3192 514 3247 et
527 3186 617 3247 tortia
631 3200 764 3260 corpora
776 3182 913 3243 volvitt“

60 3263 146 3325 Talia
158 3265 281 3327 iactanti
294 3268 427 3331 stridens
440 3270 595 3345 Aquilone
609 3268 746 3347 procella

61 3348 173 3408 velum
187 3350 320 3412 adversa
334 3352 411 3427 lerit,
425 3352 601 3429 fluctusque
614 3354 655 3415 ad
669 3350 772 3413 sidera
785 3350 871 3411 tollit.

61 3428 251 3507 Franguntur
262 3434 355 3509 remir
376 3442 440 3497 tum
453 3452 577 3513 proram
590 3436 699 3501 evenit
712 3443 743 3497 et
756 3435 848 3499 undis
906 3518 909 3523 Ι
