2326 3780
100 206 163 271 202
371 202 404 262 P.
424 201 588 263 VlRGlLII
607 202 816 269 MARONIS

98 358 251 436 Euryalus
266 326 410 431 phaleras
424 354 604 417 Rhamnetis
618 364 656 418 et
670 374 783 421 aurea
796 343 897 425 bullis

100 443 235 517 Cingula,
252 471 264 482 -
282 439 395 501 Tiburti
409 440 537 500 Remulo
554 440 742 505 ditissimus
760 446 844 507 olim
996 456 1011 509 li

100 528 185 601 Quae
199 524 285 585 mittit
300 525 390 600 dona,
404 524 540 599 hospitio
556 540 655 599 quum
671 526 834 605 iungeret
847 531 963 609 absona

101 610 260 685 Caedicus,
275 609 326 669 ille
341 623 398 669 suo
413 610 548 669 morlens
564 608 617 669 dat
630 608 764 673 habere
780 618 906 695 nepoti,

98 696 172 757 Post
185 702 313 755 mortem
326 692 408 753 bello
423 692 525 753 Rutuli
537 700 711 771 pugnoque
726 698 842 777 potiti,
858 734 873 745 ·

99 780 185 841 Haec
198 778 279 855 rapit
293 784 386 853 atque
398 776 534 837 humeris
548 777 776 855 nequidquam
793 784 930 847 sortibus
943 793 1005 863 apul:

99 866 176 926 Tum
188 865 307 940 galeam
321 862 459 936 Messapi
472 860 605 921 habilem
619 862 804 941 cristisque
820 871 963 933 decoram
1001 878 1015 931 t

98 949 208 1010 Induit.
236 946 397 1007 Excedunt
411 946 529 1019 castris,
546 953 576 1006 et
589 952 653 1007 tuta
669 962 871 1024 capessunt

144 1034 263 1093 interea
277 1031 441 1108 praemissi
454 1031 573 1107 equites
589 1046 629 1090 ex
642 1031 726 1093 urbe
740 1035 877 1117 Latina,

100 1116 208 1178 Cetera
221 1117 292 1176 dum
307 1116 388 1190 legio
404 1116 521 1190 campis
535 1116 685 1175 instructa
700 1130 866 1199 moratur,

99 1202 187 1261 Ibant
202 1206 232 1260 et
240 1196 343 1259 Turno
358 1199 424 1274 regi
438 1215 592 1275 responsa
605 1199 764 1279 terebant,

100 1287 287 1358 Tercentum,
303 1285 413 1344 scutati
429 1299 545 1359 omnes,
560 1284 735 1346 Volsoente
749 1292 933 1367 magistroa
1005 1298 1015 1350 :¹

99 1370 225 1445 iamque
238 1367 486 1445 propinquabant
500 1368 609 1429 castris
625 1384 787 1446 muroque
804 1377 961 1451 subibant

101 1454 201 1529 Quum
216 1454 324 1529 procul
337 1453 396 1513 hos
412 1454 501 1513 laevo
517 1452 677 1514 flectentes
693 1454 800 1517 limite
817 1470 959 1535 cernunt,

98 1538 136 1599 Et
150 1539 239 1613 galea
251 1537 420 1616 Euryalum
433 1536 578 1598 sublustri
592 1538 692 1597 noctis
709 1540 742 1599 in
758 1544 884 1607 umbra

98 1621 236 1682 Prodidit
250 1621 458 1683 immemorem
470 1622 629 1695 radiisque
643 1621 788 1685 adversa
804 1632 944 1693 refulsit
1007 1632 1023 1689 t'·

98 1706 372 1768 Haudtemerocst
384 1707 500 1767 visuma
526 1707 697 1766 conclamat
708 1708 753 1767 ab
766 1716 905 1787 agmine
916 1716 1021 1777 volsar

99 1790 212 1868 „State
227 1790 299 1850 viri!
322 1790 407 1865 Quae
422 1790 608 1865 causariae,
624 1790 717 1867 quive
734 1796 821 1857 estis
840 1800 874 1860 in
891 1802 984 1873 armis,
1008 1802 1024 1857 i·

97 1875 227 1952 „Quove
238 1874 348 1935 tenetis
363 1875 467 1935 itert“
488 1874 568 1933 Nihil
582 1874 625 1933 illi
640 1876 776 1939 tendere
793 1892 932 1958 contra;

100 1958 164 2019 Sed
180 1959 314 2019 celerare
330 1959 433 2033 Algam
446 1958 478 2019 in
493 1959 588 2019 silvas
604 1965 635 2019 et
648 1958 751 2020 fidere
768 1970 875 2028 nocti.

100 2041 250 2104 obiiciunt
264 2042 383 2117 equites
398 2057 470 2104 sese
483 2043 525 2103 ad
540 2043 670 2102 divortia
683 2052 764 2106 nota

97 2127 176 2188 Hinc
187 2126 366 2203 atquehinc‚
378 2142 560 2203 omnemque
572 2127 686 2187 abitum
698 2134 847 2196 custode
859 2142 1039 2201 coronantu-

99 2211 185 2271 Silva
199 2211 262 2287 luit,
277 2211 338 2271 late
353 2211 452 2271 dumis
467 2217 559 2288 atque
573 2212 642 2271 ilice
655 2212 748 2287 nigra

98 2294 240 2371 Horrida,
257 2311 349 2370 quam
364 2295 452 2355 densi
468 2296 657 2372 complerant
669 2297 822 2375 undique
838 2315 963 2385 sentes,

98 2378 181 2438 Rara
194 2394 251 2454 per
265 2381 402 2439 occultos
416 2379 538 2441 lucebat
552 2380 661 2440 semita
675 2382 789 2444 calles.

97 2461 269 2543 Euryalum,
278 2463 423 2524 tenebrae
437 2475 590 2525 ramorum
605 2480 813 2541 onerosaque
831 2478 961 2549 praeda

97 2546 280 2621 Impediunt,
295 2548 431 2623 fallitque
444 2549 535 2609 timor
548 2548 674 2624 regione
688 2550 831 2615 viarum.
1018 2560 1036 2619 t:

97 2628 191 2689 Nisus
206 2628 284 2699 abit;
306 2630 429 2706 iamque
442 2633 621 2709 imprudens
636 2631 787 2696 evaserat
803 2640 927 2706 hostes
1046 2651 1051 2666 '

96 2714 200 2791 Atque
213 2714 310 2790 locos,
325 2715 377 2789 qui
392 2723 465 2791 post
477 2717 576 2777 Albae
590 2718 630 2777 de
643 2719 771 2780 nomine
789 2723 874 2787 dieti

96 2796 217 2873 Albani,
232 2804 297 2858 turn
310 2814 366 2859 rex
381 2800 502 2862 stabula
515 2803 577 2863 alta
590 2797 715 2863 Latinus
732 2804 905 2883 habebat;

101 2881 138 2943 Ut
151 2882 233 2943 stelit
246 2889 277 2943 et
290 2883 403 2946 irustra
416 2884 575 2947 absentem
587 2886 725 2962 respexit
740 2892 903 2957 amicum.

98 2968 251 3046 „Euryale
265 2968 379 3046 infelix,
396 2986 458 3045 qua
470 2978 502 3031 to
515 2972 641 3047 regione
655 2970 794 3047 reliquit
1018 2980 1046 3039 all

97 3052 224 3129 „Quave
237 3068 360 3129 sequar,
374 3070 481 3117 narsus
497 3058 678 3132 perplexum
690 3055 751 3116 iter
766 3074 873 3125 omne
888 3068 1035 3130 revolvens

97 3135 248 3213 „Faflacis
263 3138 408 3199 silvaet“
428 3138 525 3200 Simul
540 3147 571 3201 et
584 3139 716 3214 vestigia
729 3150 819 3206 retro

99 3218 269 3282 Observata
282 3222 363 3299 legit,
379 3224 543 3300 dumisque
557 3224 717 3285 silentibus
733 3238 833 3291 err-at.

97 3304 194 3365 Audit
207 3320 315 3383 equos,
330 3307 416 3369 audit
429 3310 574 3384 strepitus
590 3315 621 3370 ct
635 3309 725 3384 signa
740 3326 957 3389 sequentum.

97 3386 161 3448 Nec
171 3388 296 3465 longum
306 3392 336 3452 in
347 3392 449 3454 medio
460 3399 591 3469 tempus,
608 3408 702 3470 quum
713 3394 844 3461 clamor
855 3406 904 3467 ad
916 3422 1002 3469 aures
1017 3406 1051 3467 tlt

97 3469 240 3537 Pervellit
252 3488 289 3535 ut:
300 3475 389 3537 uldel
397 3476 584 3554 Eurqalum,
595 3477 768 3545 queniam
773 3497 907 3549 manus
919 3492 1012 3553 omnis
