2326 3780
117 140 182 209 378
389 136 423 197 Ρ.
444 132 609 195 vntalull
631 132 822 195 MARONIS

121 294 264 358 certatim
277 290 428 354 ornabant
441 302 548 349 omnes
562 284 698 346 heroida
714 286 820 361 divae,

165 377 306 440 Certatim
320 375 411 435 divae
424 386 550 431 munere
565 386 713 446 quaeque
728 386 799 431 suo.

121 464 256 527 Felicem
270 466 340 521 ante
354 458 429 517 alias
443 461 528 517 tanto
543 454 698 531 scriptore
712 456 871 531 puellam!

165 548 272 607 Altera
284 559 347 603 non
361 544 443 603 lama
456 538 568 599 dixerit
581 554 655 599 esse
670 540 775 615 priora

124 630 192 693 Non
206 631 266 703 illa,
281 625 486 703 Hesperidum
499 623 531 684 ni
543 638 672 683 munere
687 630 784 699 capta
797 623 921 696 luisset,
1032 634 1047 683 ³.

168 714 251 789 Quae
264 713 421 771 volucrem
435 723 529 769 eursu
541 707 659 767 vicerat
671 706 921 783 Hippomenem;

126 797 265 859 Candida
278 810 395 872 cycneo
410 807 473 853 non
488 791 569 852 edita
581 791 740 869 Tyndaris
757 808 839 863 oro;

168 882 235 940 Non
250 894 364 955 supero
379 877 499 951 fulgens
514 874 685 951 cassiopea
699 876 796 951 polo;

127 965 195 1025 Non
210 964 340 1023 detensa
356 962 409 1021 diu
422 960 581 1021 volucrum
595 960 767 1019 certamine
781 976 943 1034 equorum,

171 1047 323 1124 Optabam
336 1045 445 1105 Graiae
460 1060 551 1119 quam
565 1042 624 1107 sibi
638 1058 787 1119 quaeque
802 1060 925 1115 liranus,
1038 1051 1049 1102 ..ὲ

128 1132 230 1207 Saepe
243 1132 375 1191 animam
389 1128 494 1203 generi
507 1142 564 1203 pro
580 1142 642 1201 qna
656 1133 748 1203 pater
762 1128 882 1203 impius
898 1127 999 1187 hausit.

172 1214 273 1289 Saepe
287 1212 379 1272 rubro
393 1212 477 1271 Eleis
492 1210 641 1285 sanguine
655 1210 749 1272 fluxit
763 1210 898 1282 humus;

126 1298 223 1371 Regia
235 1311 297 1355 non
312 1294 442 1371 Semele,
465 1310 528 1363 non
542 1293 664 1354 Inachis
677 1295 860 1369 derisione,

167 1380 286 1461 immitti
301 1386 448 1455 expertae
462 1378 586 1438 fulmine
601 1385 631 1438 et
644 1378 743 1438 imbre
759 1379 889 1451 loreum

127 1465 219 1525 Cuius
236 1471 266 1524 et
280 1464 455 1539 obreptum
469 1462 550 1539 pulsi
564 1462 682 1539 liquere
695 1462 833 1524 Penates

169 1548 322 1624 Tarquinii
338 1546 560 1624 patrios‚1ilius
577 1552 785 1621 atquepater,

127 1634 182 1693 Illo
198 1648 258 1708 quo
273 1632 403 1707 primum
418 1630 590 1690 dominatus
604 1628 704 1689 Roma
719 1628 883 1705 superbos

169 1716 296 1775 Mutavit
309 1714 439 1791 placidis
453 1722 592 1789 tempere
606 1712 800 1774 consulibus.

127 1798 231 1873 Multa,
247 1814 348 1874 neque
362 1798 528 1873 immeritis,
544 1797 670 1857 donavit
683 1799 828 1872 praemia
842 1799 986 1873 alumnis,

168 1882 306 1943 Praemia
319 1882 462 1942 Messalis
476 1881 610 1941 maxima
621 1879 803 1956 Poplicolis.
1048 1901 1069 1939 r

126 1966 203 2027 Nam
217 1966 293 2042 quid
307 1982 365 2039 ego
381 1965 520 2025 immensi
533 1978 700 2026 memorem
714 1966 822 2025 studia
836 1967 904 2027 ista
918 1966 1042 2027 laboris?

168 2049 300 2110 Horrida
316 2048 389 2125 quid
405 2050 500 2109 durae
513 2055 653 2124 tempora
665 2048 817 2109 militiae?

127 2133 234 2194 Castra
247 2134 314 2193 loro
331 2132 449 2205 solitos,
464 2132 534 2193 urbi
547 2146 741 2209 praeponere
756 2140 876 2207 castra,

166 2218 240 2277 Tam
254 2217 361 2292 procul
376 2216 437 2275 hoc
450 2223 531 2293 nato,
545 2222 607 2275 tam
620 2216 729 2293 procul
742 2215 806 2277 hac
821 2220 951 2293 patriar

126 2301 330 2361 lmmoderata
343 2302 407 2375 pati
421 2300 482 2359 iam
495 2300 618 2377 frigora,
634 2300 758 2375 iamque
775 2302 934 2362 calorest
1020 2335 1025 2347 ·
1053 2310 1072 2359 e}

168 2384 302 2445 Stertere
316 2385 367 2444 vel
382 2384 459 2443 dura
472 2400 568 2460 posse
582 2398 676 2460 snper
689 2384 800 2445 silicet

126 2466 229 2543 Saepe
243 2476 359 2529 trucem
374 2470 507 2529 adverso
521 2468 640 2545 perlabi
654 2468 758 2529 sidere
772 2477 936 2544 pontum?

169 2550 270 2627 Saepe
284 2568 369 2613 nrare
383 2553 526 2613 audendo
541 2552 674 2627 vincere,
689 2568 787 2627 saepe
803 2552 969 2615 hiemem?

126 2634 227 2710 Saepe
242 2635 333 2694 etiam
347 2637 464 2697 densos
478 2636 639 2697 immittere
651 2650 767 2711 corpus
782 2636 817 2695 in
832 2636 959 2715 hostes,

33 2723 38 2733 '
167 2719 362 2779 Communem
376 2720 448 2779 belli
462 2736 520 2781 nec
533 2720 673 2781 timuisse
688 2720 803 2780 deumt
1056 2728 1080 2780 at

124 2800 210 2863 Nunc
225 2804 343 2862 celeres
357 2804 452 2865 Afros
467 2805 664 2879 perituraque
677 2803 773 2863 millia
785 2806 905 2882 gentis,

166 2888 269 2946 Aurea
284 2902 363 2947 nunc
377 2888 478 2963 rapidi
493 2887 618 2948 flumina
632 2886 718 2946 adire
732 2886 833 2963 Tagit

124 2966 210 3029 Nunc
225 2971 314 3030 aliam
329 2986 369 3031 ex
383 2973 443 3033 alia
456 2972 601 3033 bellando
617 2986 766 3046 quaerere
780 2980 936 3047 gentem?

165 3054 299 3114 Vincere
312 3062 343 3115 et
358 3054 470 3117 Oceani
484 3056 598 3117 finibus
610 3055 762 3116 rdteriust

123 3135 189 3197 Non
204 3145 342 3199 nostrum
357 3148 414 3215 est,
429 3141 563 3215 inquam,
578 3146 679 3199 tantm
693 3139 848 3215 attingere
863 3142 997 3217 laudem
1059 3150 1085 3203 55

167 3220 243 3293 Quin
259 3224 357 3282 ausim
371 3224 432 3285 hoc
446 3225 538 3284 etiam
553 3224 664 3296 dicere,
680 3223 735 3283 vix
748 3223 917 3288 hominum
933 3238 992 3291 est.

123 3302 205 3378 Ipsa,
221 3304 299 3365 haec
314 3307 382 3382 ipsa
397 3309 495 3368 ferent
508 3324 610 3367 rerum
623 3317 825 3369 monmnenta
841 3328 903 3387 per
918 3317 1036 3387 orbem,
1149 3339 1152 3350 ·

166 3386 239 3462 Ipsa
253 3388 311 3448 sibi
326 3392 481 3466 egregium
495 3393 577 3452 iacta
590 3392 686 3454 decus
700 3392 843 3467 parient3
