2326 3780
152 182 219 249 272
429 180 462 240 P.
483 180 645 241 VlRGlLll
665 180 853 244 MARONIS

153 336 280 411 „Castra
294 332 415 393 inimica
428 333 535 405 vidos;
556 334 640 393 nulla
652 333 724 393 hinc
738 335 832 395 exire
846 344 1029 413 potestas.“

154 419 212 480 Olli
226 418 390 480 subridens
404 418 512 479 sedato
527 426 653 494 pectore
666 418 803 479 Turnus:
888 436 891 443 ·
1071 409 1114 504 iri}

153 504 287 581 „Incipe
302 502 330 563 si
344 518 405 577 qua
418 501 520 563 animo
533 503 639 575 virtus,
656 509 686 562 et
699 517 839 564 consere
855 504 1024 565 dextram:

154 588 230 664 „llic
244 587 335 647 etiam
348 587 503 647 inventum
514 585 634 646 Priamo
649 586 789 647 narrabis
805 589 1000 651 Achillen.“

153 672 291 742 Dixerat;
313 670 365 730 ille
377 670 484 731 rudem
498 670 590 729 nodis
604 677 635 729 et
649 670 764 730 cortice
778 672 887 733 crudo

153 756 311 829 intorquet
324 754 451 815 summis
465 754 596 813 adnixus
611 754 727 813 viribus
741 754 884 817 hastam.

153 840 313 914 Excepere
327 852 432 897 aurae=
453 838 564 897 vulnus
579 836 721 899 Saturnia
733 838 814 899 luno
1072 848 1095 903 tr

154 923 290 983 Detorsit
303 922 431 982 veniens
446 928 616 997 portaeque
629 922 762 996 infigitur
775 922 886 985 hasta.

154 1008 215 1083 „At
227 1022 290 1067 non
303 1005 364 1066 hoc
376 1006 477 1079 telum,
492 1021 561 1065 mea
576 1006 659 1080 quod
674 1006 705 1065 vi
718 1005 855 1069 dextera
870 1019 998 1087 versat

154 1089 325 1167 „Effugies2
347 1102 448 1162 neque
462 1089 543 1149 enim
556 1090 584 1149 is
597 1090 649 1149 teli
663 1105 721 1151 nec
734 1092 883 1155 vulneris
900 1101 1043 1158 auetor.“

124 1192 127 1197 ·
156 1174 208 1234 Sic
223 1174 272 1245 ait,
288 1178 319 1231 et
332 1170 483 1232 sublatum
496 1174 557 1233 alte
572 1174 727 1247 consurgit
740 1174 773 1233 in
787 1170 919 1251 en'sem,

155 1258 195 1317 Et
207 1257 338 1315 mediam
352 1256 433 1316 terro
448 1257 569 1331 gemina
582 1258 660 1317 inter
672 1264 816 1333 tempora
833 1261 983 1325 frontem
1069 1268 1089 1323 ῖῖ-

154 1340 270 1400 Dividit
284 1338 487 1415 impubesque
500 1341 623 1401 immani
636 1342 764 1403 vulnero
778 1344 898 1407 malas.

154 1424 203 1485 Fit
217 1440 327 1484 sonus:
351 1424 465 1499 ingenti
479 1440 632 1486 concussa
646 1432 693 1487 est
710 1426 859 1501 pondere
873 1432 987 1495 tellus.

155 1508 318 1584 collapsos
333 1512 417 1569 artus
431 1516 525 1584 atque
539 1526 624 1569 arma
637 1516 764 1572 cruenta
778 1512 921 1589 cerebro

155 1592 268 1653 Sternit
281 1592 363 1651 humi
377 1592 520 1669 moriens,
535 1602 627 1667 atque
641 1594 682 1653 illi
697 1592 841 1669 partibus
858 1600 982 1675 aequis

154 1676 222 1737 Huc
237 1682 330 1753 caput
342 1682 434 1751 atque
448 1677 519 1737 illuc
533 1675 659 1738 humero
675 1694 716 1737 ex
729 1685 871 1755 utroque
886 1684 1049 1761 pependit.
1070 1687 1091 1741 t.

153 1759 324 1836 Diffugiunt
336 1760 420 1820 versi
433 1761 555 1836 trepida
568 1761 730 1827 tormidine
742 1760 864 1824 Troes=

154 1846 193 1905 Et
207 1846 234 1904 si
249 1844 392 1904 continuo
407 1844 554 1905 victorem
567 1860 605 1906 ea
618 1858 691 1905 cura
705 1843 858 1921 subisset,

154 1928 311 2004 Rumpere
325 1928 459 1989 claustra
470 1944 563 1990 manu
577 1929 742 2003 sociosque
757 1928 936 1997 immittere
952 1937 1054 2013 portis,

154 2012 284 2073 Ultimus
299 2013 350 2071 ille
365 2012 432 2072 dies
445 2009 527 2073 bello
542 2012 686 2087 gentique
700 2012 824 2074 luisset

157 2096 220 2157 Sed
235 2098 320 2157 furor
334 2097 490 2157 ardentem
505 2096 672 2171 caedisque
685 2096 796 2157 insana
810 2102 942 2176 cupido

154 2181 226 2256 Egit
238 2181 269 2239 in
284 2181 445 2261 adversos.

155 2264 307 2339 Principio
322 2263 471 2323 Phalerim
486 2271 516 2323 et
530 2264 651 2325 succiso
665 2263 785 2339 poplite
800 2264 923 2343 Gygen

155 2348 286 2423 Excipit,
301 2348 372 2407 hinc
385 2354 490 2423 raptas
505 2348 689 2424 fugientibus
703 2348 815 2423 ingerit
830 2350 953 2415 hastas

155 2432 190 2491 In
204 2438 336 2505 terguma
358 2432 433 2491 Iuno
448 2432 530 2493 vires
544 2432 738 2505 animumque
751 2432 930 2498 ministrat.

155 2515 251 2575 Addit
263 2515 374 2591 Halym
389 2516 530 2576 comitem
544 2523 574 2575 et
588 2514 852 2591 confixaPhegea
868 2537 999 2601 parma,
1073 2523 1093 2581 :i

155 2599 283 2673 Ignaros
299 2598 411 2659 deinde
425 2600 456 2659 in
471 2600 565 2662 muris
579 2599 769 2674 Martemque
784 2600 916 2667 cientes

155 2681 405 2757 Alcandrumque
417 2684 599 2759 Haliumque
612 2683 837 2759 Noemonaque
852 2686 1078 2769 Prytanimqne

154 2766 280 2843 Lyncea
293 2767 467 2827 tendentem
483 2767 770 2841 contrasociosquo
786 2782 969 2837 vocantem

156 2849 296 2910 vibranti
311 2850 414 2925 gladio
429 2852 580 2913 connixus
595 2850 634 2911 ab
648 2866 762 2926 aggere
777 2852 899 2917 dexter

31 2972 43 3001 .
157 2932 307 3009 Occupat:
328 2933 400 2996 huic
413 2950 475 2998 uno
490 2936 641 2997 ddedum
655 2934 828 3003 comminus
845 2940 918 3005 ictu

156 3018 232 3079 cum
246 3018 335 3093 galea
348 3019 439 3095 longe
453 3019 545 3081 iacuit
559 3026 660 3096 caput
694 3019 770 3079 Inde
785 3021 935 3089 terarum

154 3102 350 3163 vastatorem
362 3104 524 3181 Amycum,
541 3120 602 3181 quo
617 3120 680 3165 non
694 3103 815 3165 lelicior
829 3108 920 3171 alter

154 3185 299 3260 Unguere
311 3187 373 3247 tela
386 3204 477 3249 mann
492 3189 666 3265 ferrumque
679 3204 802 3257 armare
817 3208 964 3273 veneno,

153 3267 194 3329 Et
208 3269 338 3345 Clytium
352 3273 512 3347 Aeoliden,
528 3280 559 3335 et
572 3272 703 3333 amicum
714 3272 849 3337 Crethea
864 3278 984 3357 Musis,

156 3350 285 3411 Crethea
298 3354 453 3417 Musarum
469 3358 618 3431 comitem,
634 3357 683 3417 cni
698 3358 837 3421 carmina
853 3379 991 3443 semper
1069 3356 1095 3416 15³

154 3432 196 3500 El
210 3436 350 3502 citharae
362 3441 464 3519 cordi,
475 3456 683 3513 numerosque
690 3442 856 3505 intendere
871 3449 994 3528 nervis,
