2326 3780
86 206 152 273 372
359 198 394 261 Ρ.
413 196 584 275 leGlLtt
597 194 782 259 MARONIS

87 347 422 421 Punieeanrconeussit
435 350 563 427 apexin
576 351 693 411 vertice
707 350 857 425 eristam3
927 332 932 341 '
1008 364 1049 416 500

88 447 131 505 At
143 440 246 503 mollis
259 438 366 499 varios
378 436 520 497 intexens
534 436 640 511 pluma
653 434 782 498 colores

88 527 295 589 Marmoreum
308 520 428 582 volucri
440 520 566 581 vestivit
577 519 714 593 tegmine
729 534 861 596 corpus,

89 612 248 685 Lentaque
261 612 427 682 perpetuas
441 604 586 665 fuderunt
597 602 729 664 braelria
741 620 881 681 pennas.

89 694 167 756 Inde
181 692 258 752 alias
272 696 377 766 partes
390 688 548 763 minioque
561 686 676 747 inlecta
687 686 818 749 rubenti

91 778 188 839 Crura
199 790 313 836 novam
325 772 440 833 macies
455 772 583 832 obduxit
596 770 744 846 squalida
756 772 887 850 pellem,
1012 786 1053 837 tot

89 856 128 923 El
140 858 273 937 pedibus
285 858 399 918 teneris
413 871 532 931 ungues
546 854 645 915 allinit
658 862 782 917 acutos.

90 945 130 1005 Et
141 952 242 1003 tamen
256 943 317 1002 hoe
331 942 454 1001 demum
467 940 598 1001 miserae
612 954 799 1001 succurrere
815 950 913 1017 pacta

91 1028 155 1089 Vix
167 1028 267 1087 luerat
279 1024 404 1102 placida
415 1024 548 1100 Neptuni
562 1023 692 1097 coniuge
707 1024 852 1099 dignum.

90 1112 253 1187 Nunquam
266 1109 350 1169 illam
363 1108 495 1185 posthac
510 1108 591 1169 oculi
604 1107 712 1166 videre
727 1123 864 1170 suerum

91 1194 264 1271 Purpureas
279 1192 367 1253 salvo
380 1192 560 1271 retinentem
572 1191 687 1252 vertice
699 1192 809 1269 vittas,
1016 1204 1056 1257 ele

91 1278 161 1339 Non
173 1277 324 1337 thalamus
338 1276 430 1352 Tyrio
445 1276 585 1351 fragrans
599 1275 719 1351 aceepit
734 1292 876 1353 amomo,

92 1360 198 1421 NuNae
212 1360 296 1419 illam
309 1359 420 1421 eedee=
442 1360 518 1435 quid
533 1361 613 1421 enim
627 1375 696 1419 cum
710 1360 847 1423 sedibus
862 1362 933 1423 illia

93 1444 177 1519 Quae
191 1443 282 1504 simul
293 1449 329 1505 ul
341 1458 415 1505 sese
432 1459 511 1505 cano
526 1444 566 1504 de
579 1444 698 1520 gurgite
711 1444 812 1505 velox

93 1528 169 1589 Cum
183 1528 286 1591 sonitu
298 1526 341 1589 ed
354 1528 475 1589 cnelrun
488 1526 684 1589 stridentibus
699 1528 813 1589 extulit
826 1530 900 1609 alis,

94 1612 837 1689 Etmultumlatedispcrsitinaequorarorem;
1017 1626 1058 1677 tle

91 1696 202 1757 Infelix
218 1696 304 1771 virgo
317 1696 525 1771 nequidquam
539 1711 560 1756 a
572 1703 669 1756 morte
683 1704 813 1772 recepta

93 1780 241 1841 Incultum
254 1778 331 1841 selis
345 1779 377 1839 in
389 1779 518 1855 rupibus
533 1779 628 1855 exigit
640 1795 760 1854 aevum,

93 1864 233 1939 Rupibus
249 1872 279 1923 et
294 1864 430 1939 seopulis
445 1870 476 1923 et
488 1862 626 1924 litoribus
641 1863 784 1940 desertis.

92 1948 158 2006 Nec
171 1954 271 2008 tamen
285 1947 345 2007 hoc
358 1948 465 2008 iterum
479 1963 582 2024 poena
596 1947 678 2008 siner
699 1963 839 2023 namque
855 1950 956 2013 decim
971 1968 1031 2022 rur,

94 2032 215 2105 [Omnia
229 2031 282 2107 qui
298 2031 426 2106 imperio
440 2039 588 2091 terrarum
600 2031 694 2090 millia
708 2038 839 2105 versat]
1015 2044 1058 2097 520

95 2115 269 2175 Commotus
282 2116 374 2175 talem
389 2116 429 2175 ad
444 2131 576 2191 superos
589 2116 717 2176 volitare
731 2118 883 2193 puellam,

95 2198 168 2258 curn
182 2206 270 2276 pater
283 2199 451 2260 exstinctus
466 2215 560 2259 caeca
574 2198 631 2260 sub
645 2206 735 2259 noete
750 2200 871 2275 lateret,

93 2280 139 2341 Illi
153 2298 210 2358 pro
225 2283 338 2359 pietate
352 2299 410 2343 sua
423 2314 436 2325 ·
450 2300 521 2343 nam
536 2299 631 2359 saepe
645 2283 791 2342 nitentum

95 2364 248 2440 Sanguine
262 2374 419 2428 taurorum
433 2368 566 2443 supplex
580 2373 773 2442 resperserat
785 2383 871 2443 aras,

94 2447 196 2524 Saepe
210 2450 302 2511 deum
316 2451 401 2527 largo
417 2451 579 2512 decorarat
591 2466 717 2511 munere
731 2451 828 2511 sedes
844 2484 858 2494 -
1014 2467 1058 2519 ert

92 2532 239 2593 Reddidit
253 2542 389 2609 optatam
401 2541 516 2595 mutato
532 2550 663 2612 corpore
675 2535 778 2609 vitam,

92 2615 238 2692 Fecitque
251 2618 283 2675 in
297 2619 386 2678 terris
400 2618 575 2679 Hatiaeetns
591 2621 656 2679 ales
671 2626 704 2678 ut
717 2625 819 2679 esset=

93 2699 212 2775 Quippe
226 2701 337 2776 aquilis
352 2716 477 2778 semper
490 2704 605 2779 gaudet
618 2703 696 2765 deus
711 2703 763 2763 ille
778 2718 950 2768 coruscus.

91 2782 170 2843 Huic
182 2799 258 2845 vero
272 2784 412 2861 miserae,
430 2788 574 2862 quoniam
588 2788 731 2848 damnata
745 2788 880 2849 deorum
1120 2850 1123 2864 ,

91 2865 209 2929 Iudicia
224 2868 404 2945 patriaeque
419 2878 450 2931 et
464 2871 602 2947 coniugis
616 2878 687 2931 ante
702 2870 823 2947 luisset,
1014 2884 1061 2939 5³⁰

94 2949 199 3012 lnlesti
212 2953 359 3029 apposuit
372 2954 477 3015 odium
491 2955 615 3016 crudele
627 2955 775 3031 parentis.

90 3032 237 3111 Namque,
251 3043 285 3097 ut
299 3037 330 3096 in
345 3038 480 3100 aetherio
495 3040 653 3115 signorum
665 3054 794 3100 munere
808 3050 992 3121 praestans,

90 3116 191 3178 Unum
206 3136 296 3195 quem
311 3119 425 3197 duplici
439 3124 596 3185 stellarem
610 3124 712 3184 sidere
726 3123 802 3199 vidi,

92 3198 239 3277 Scorpius
254 3206 378 3266 alternis
394 3208 508 3267 clarum
522 3210 607 3283 lugat
621 3207 749 3281 Oricum

91 3279 142 3341 Sic
157 3284 234 3346 inter
248 3303 320 3349 sese
333 3290 436 3351 tristes
451 3290 626 3353 Haliaeetue
640 3292 703 3355 iras

90 3364 127 3422 Et
142 3366 217 3429 Ciris
232 3375 359 3433 memori
375 3383 499 3435 servant
513 3376 554 3437 ad
568 3378 673 3438 secula
687 3377 761 3437 lato.

44 3477 72 3558 k
91 3446 293 3537 Qtraeumque
303 3456 607 3535 illaleuemluqiena
617 3468 705 3521 secat
716 3464 789 3520 ne'ra
805 3464 933 3544 pennis,
