2340 4296
288 632 353 697 238
565 631 597 691 P.
617 632 779 695 VIRGILll
800 632 975 695 MARONIS

286 785 355 845 Rex
369 783 530 845 Evandrus
544 784 600 845 alta
621 783 708 859 „Non
722 782 799 844 lrcec
813 784 963 845 solemnia
976 784 1084 859 nobis,

287 868 370 943 „Has
385 884 425 928 ex
439 884 524 927 nrore
538 869 646 945 dapes,
662 868 741 927 hanc
755 869 828 928 tanti
843 869 975 929 numinis
989 884 1080 932 arnna

288 952 396 1027 „Vana
410 952 586 1029 superstitio
602 958 800 1027 veterumque
814 953 920 1027 ignara
933 952 1067 1015 deorum

287 1036 470 1113 „lrnposulta
493 1038 605 1113 saevis,
621 1038 738 1112 hospes
752 1036 889 1107 Troiane,
904 1037 1029 1113 periclis

288 1120 425 1195 „Servati
441 1122 578 1194 facimus,
594 1121 782 1195 meritosque
795 1136 945 1179 novamus
959 1120 1116 1197 hopores.

287 1205 369 1279 „lam
384 1206 512 1281 primum
527 1206 612 1266 savis
624 1220 809 1280 suspensam
820 1205 899 1263 lrenc
910 1204 1038 1280 adspice
1051 1222 1138 1283 rupe

287 1289 459 1367 „Disiectae
472 1290 580 1366 procul
595 1296 628 1349 ut
641 1291 748 1363 moles,
763 1288 947 1363 desertaque
961 1290 1080 1351 montis

287 1372 374 1449 „Stat
388 1374 507 1447 domus,
523 1382 553 1433 et
568 1372 687 1448 scopuli
702 1373 852 1447 ingentem
867 1379 986 1432 traxere
1000 1373 1140 1437 ruinam.

287 1458 362 1534 „llic
377 1459 525 1533 spelunca
539 1458 601 1527 luit,
617 1464 705 1516 vasto
721 1455 862 1517 submota
875 1471 1012 1529 recessu,

288 1541 523 1616 „Semihornlnis
539 1540 608 1601 cuci
624 1540 719 1601 farcies
734 1556 826 1615 quam
839 1540 906 1600 dira
919 1538 1052 1613 tenebat,

288 1626 389 1702 „Solis
405 1626 595 1685 inaccessam
609 1625 720 1695 radiis;
743 1640 926 1699 semperque
939 1624 1057 1683 recenti

288 1709 409 1783 „Caede
423 1708 545 1783 tepebat
559 1709 679 1782 humus,
695 1708 873 1784 foribusque
887 1708 981 1768 alllxa
995 1710 1154 1783 superbis

288 1794 368 1869 „lira
383 1792 480 1852 virrim
494 1793 571 1855 tristi
586 1793 761 1869 pendebant
773 1792 889 1867 pallida
903 1791 983 1852 tabo.

288 1877 384 1951 „Huic
397 1885 534 1939 monstro
548 1879 706 1939 Vulcanus
721 1884 787 1937 erat
799 1884 901 1951 pater:
923 1877 1005 1937 illius
1020 1884 1115 1941 atros

288 1960 367 2035 „Ore
383 1977 509 2023 vornens
524 1963 620 2037 ignes,
636 1977 747 2036 magna
761 1978 797 2022 se
810 1962 890 2021 mole
906 1960 1030 2021 terebat.

206 2109 209 2115 ,
289 2045 414 2122 „Attulit
428 2053 457 2106 et
471 2046 560 2107 nobis
575 2046 741 2123 aliquando
757 2044 930 2122 optantibus
945 2052 1031 2105 oetas

288 2130 461 2206 „Auxilium
475 2132 700 2205 adventumque
715 2130 775 2191 dei.
809 2129 885 2190 Nam
899 2130 1051 2190 maximus
1066 2134 1168 2211 ultor,

288 2215 475 2291 „Tergemini
490 2231 566 2275 nece
581 2216 743 2291 Geryonae
757 2214 928 2289 spoliisque
942 2213 1113 2292 superbus,

288 2300 432 2375 „Alcides
448 2301 563 2373 aderat,
578 2308 745 2373 taurosque
759 2298 817 2358 lrac
831 2299 930 2357 victor
943 2296 1054 2373 agebat

289 2382 464 2461 „Ingentem
488 2386 661 2458 vallemque
675 2382 774 2444 boves
788 2397 969 2458 amnemque
983 2382 1149 2451 tenebant.

288 2470 348 2545 „At
361 2469 446 2529 iuriis
462 2468 532 2527 caci
547 2484 633 2529 mens
648 2466 751 2539 ellera,
767 2482 805 2527 ne
821 2466 894 2541 quid
908 2466 1051 2526 inausum

289 2555 368 2629 „Aut
382 2551 572 2612 intractatum
586 2552 754 2611 scelerisve
768 2551 871 2621 dolive
885 2551 1001 2623 luisset,

288 2635 443 2715 ,„Qunluor
457 2652 476 2697 a
490 2636 617 2697 stabulis
633 2636 798 2711 praestanti
814 2650 944 2711 corpore
957 2642 1065 2695 tauros

288 2722 433 2797 ,Avertit
449 2721 573 2781 tolidem
588 2722 685 2781 forma
699 2726 862 2795 superante
877 2720 1034 2781 iuvencas.

289 2809 410 2881 „Atque
424 2805 491 2878 hos,
507 2821 545 2865 ne
561 2822 622 2881 qua
637 2806 735 2865 lorent
749 2804 880 2879 pedibus
895 2802 1024 2877 vestigia
1038 2809 1152 2885 rectis,

289 2888 413 2967 „Gauda
426 2890 455 2949 ln
471 2890 650 2965 speluncam
665 2896 777 2949 tractos
791 2888 955 2964 versisque
969 2888 1089 2951 viarum

289 2971 431 3047 „indiciis
446 2981 561 3049 raptos,
577 2988 654 3034 saxo
670 2972 841 3034 occultabat
856 2988 965 3048 opaco.

289 3056 468 3134 „Quaerenti
483 3058 566 3119 nulla
580 3058 620 3117 ad
635 3058 812 3132 speluncam
828 3057 916 3131 signa
930 3055 1080 3119 serebant.

289 3140 434 3219 ‚„lnterea,
451 3158 543 3217 quum
560 3142 618 3200 lam
633 3141 760 3201 sutbulis
776 3148 910 3201 satrrratn
924 3150 1064 3203 moveret

288 3225 599 3305 „Amphitryoniades
615 3233 750 3286 armenta
764 3226 940 3301 abitumque
955 3235 1089 3305 pararet,

288 3310 454 3389 „Discessu
469 3310 585 3385 mugire
599 3309 706 3380 boves,
723 3318 813 3385 atque
829 3325 919 3369 omne
934 3310 1070 3383 querelis

288 3395 429 3474 „impleri
444 3409 560 3463 nemus,
576 3402 607 3455 et
621 3394 716 3455 colles
732 3396 864 3455 clamore
878 3392 1018 3468 relinqui.

288 3478 452 3557 „Reddidit
465 3496 526 3539 una
541 3478 633 3539 bourn
648 3494 764 3551 vocem,
782 3486 932 3553 vastoque
947 3476 1005 3537 sub
1020 3484 1113 3541 antro

287 3564 420 3643 ,„Mrrgiit,
437 3570 467 3624 et
481 3564 552 3625 Caci
566 3580 653 3639 spem
668 3564 820 3624 custodita
835 3562 949 3623 lelellit.

287 3648 362 3725 „Hic
376 3665 451 3709 vero
465 3649 593 3709 Alcidae
609 3648 694 3709 iuriis
708 3656 865 3708 exarserat
878 3653 944 3705 atro

288 3732 389 3811 „Felle
404 3733 506 3793 dolor=
529 3734 608 3809 rapit
622 3748 706 3792 anna
719 3748 809 3792 manu
825 3732 979 3806 nodisque
993 3739 1164 3805 gravatum

284 3816 420 3895 „liobae
436 3824 466 3875 et
479 3817 551 3876 aerii
567 3834 656 3877 cursu
672 3816 745 3892 petit
759 3816 855 3875 ardua
870 3816 990 3876 montis.

276 3900 379 3981 „Tum
394 3900 526 3981 primum
539 3902 637 3963 nostrl
650 3900 763 3962 Cacum
775 3900 881 3961 videre
896 3900 1048 3960 timentem
