2326 3780
142 202 217 303 ,aaa
422 200 456 261 r.
476 201 639 264 vmcrnu
658 202 834 265 umqum

194 354 298 432 Atque
310 354 364 416 ubi
376 355 438 415 iam
451 356 569 432 patriae
583 363 764 433 perventum
777 357 817 418 ad
831 354 937 415 mains
949 355 1037 417 sedis

151 438 368 516 Antiquusque
382 439 509 511 d0m0s;
531 442 659 515 genitor,
676 456 767 515 quem
780 440 888 501 tallere
901 438 933 499 in
948 439 1029 501 altos
1055 447 1108 504 606

152 522 302 600 Optabam
315 524 446 600 primam
458 530 579 585 montes
593 524 785 601 primamque
795 524 946 599 petebam.

150 607 294 685 Abnegat
306 608 413 669 excisa
424 607 519 668 uitam
533 609 706 683 pmducere
718 607 809 669 Traia

150 690 362 766 Exsiliumque
375 690 449 767 pati.
476 692 564 764 „Vos
579 706 608 766 ο,
627 691 739 767 quibus
753 691 871 767 integer
883 691 953 753 aevi

149 773 325 851 „Sanguis‘
340 776 383 836 ait
395 775 597 851 „solidaeque
611 791 668 836 sue
683 782 764 837 stam
776 775 888 838 rubore
903 776 994 850 vires,

151 859 238 934 „Vos
254 859 498 935 agilaleiugamq
1053 867 1109 923 640

140 943 222 1017 „Me
236 943 264 1003 si
278 942 446 1004 coelicolae
458 942 632 1004 veluissent
644 943 758 1005 ducere
771 943 872 1017 vitam,

149 1027 236 1100 „llas
250 1026 323 1085 mibi
337 1032 514 1087 servassent
526 1027 630 1088 sedes.
659 1026 741 1089 Satis
755 1043 817 1089 una
831 1043 986 1105 superque

150 1110 314 1183 „Vidimus
330 1109 452 1170 excidia
467 1116 497 1170 et
510 1118 619 1186 captae
633 1113 847 1187 superavimus
860 1111 937 1173 urbi.

148 1192 224 1268 „Sic
239 1208 268 1267 ο,
290 1192 337 1253 sic
350 1194 484 1270 positum
498 1194 583 1255 allati
598 1196 746 1256 discedite
760 1212 884 1271 corpus.

149 1277 244 1353 „lpse
257 1292 351 1339 manu
362 1283 491 1339 mortem
504 1279 672 1351 inveniam
693 1279 885 1340 miserebitur
898 1280 997 1342 hastis
1053 1290 1109 1347 645

147 1360 368 1437 „Exuviasque
381 1368 474 1439 petet
500 1362 612 1424 Facilis
626 1363 742 1424 iactura
756 1364 897 1440 sepulcri.

89 1479 91 1482 -
149 1445 233 1521 „lam
247 1445 366 1521 pridem
380 1446 498 1509 invisus
513 1448 593 1508 divis
607 1455 640 1509 cl
651 1448 764 1509 lnutilis
775 1462 874 1508 annos

149 1529 326 1607 „Demoroq
341 1546 382 1590 ex
396 1546 456 1608 quo
471 1531 639 1593 medinam
652 1538 739 1609 pater
752 1538 844 1608 atque
856 1532 1013 1593 bantinum
1028 1548 1087 1593 rex

147 1612 315 1690 „Fulminis
334 1613 453 1675 afflavit
465 1617 565 1677 ventis
582 1622 612 1677 et
625 1616 749 1691 contigit
763 1616 856 1691 igni.“

147 1698 234 1759 Talia
246 1699 403 1774 perstabat
416 1715 599 1775 memorans,
618 1700 761 1776 fixusque
775 1700 930 1770 manebam
1052 1708 1110 1767 660

148 1782 213 1845 Nos
227 1790 333 1845 contre
347 1782 439 1845 effusi
453 1785 586 1845 lacrimis
600 1784 774 1861 coniuxque
793 1783 908 1843 Crciisa

148 1867 364 1943 Ascaniusque
380 1869 541 1945 omnisque
557 1869 675 1943 damus,
693 1884 733 1927 nc
746 1873 865 1928 vertere
880 1882 984 1927 secum

147 1951 264 2013 Cuncta
276 1959 364 2029 pater
377 1953 501 2028 latoque
513 1952 633 2027 urgenti
647 1950 822 2012 incumbere
835 1952 937 2011 vellet.

147 2036 297 2112 Abnegat,
313 2036 498 2111 inceptoque
511 2042 542 2095 et
554 2034 682 2096 sedibus
696 2036 801 2096 haeret
814 2036 844 2096 in
859 2033 968 2095 isdem.

148 2119 269 2181 Rursus
283 2120 314 2179 in
328 2135 413 2179 amaa
426 2119 517 2195 ferar,
532 2125 722 2196 mortemque
736 2119 923 2180 miserrimus
938 2125 1023 2195 opta.
1052 2127 1108 2185 666

147 2203 225 2263 Nam
240 2202 324 2280 quod
338 2202 500 2263 consilimn
513 2209 565 2265 aut
579 2218 660 2279 quae
674 2204 735 2263 iam
749 2203 869 2263 iomuua
883 2201 1035 2265 dabaturr

147 2287 259 2364 „Mene
272 2287 383 2348 efferre
396 2286 518 2363 pedem,
531 2288 659 2363 genitor,
673 2294 704 2348 te
717 2302 814 2363 passe
827 2287 932 2347 relicto

148 2368 317 2447 „Sperasti
330 2376 509 2447 tentumque
521 2372 609 2432 netas
623 2371 722 2447 patria
738 2370 851 2430 excidit
865 2376 940 2431 oret

147 2451 203 2530 „Si
217 2453 290 2515 nihil
305 2469 345 2513 ex
358 2460 442 2514 tanta
455 2454 577 2531 superis
590 2455 693 2532 placet
705 2453 781 2514 urbe
794 2453 934 2530 relinqui,

146 2536 204 2613 „m
218 2536 307 2597 sedet
320 2537 380 2597 hoc
394 2538 505 2613 animo,
519 2540 735 2615 perituraeque
749 2537 864 2598 addere
877 2537 986 2599 Troiae
1049 2546 1108 2605 660

144 2620 269 2697 „Teque
282 2628 415 2697 tuosque
428 2622 529 2693 iuvat;
551 2629 634 2698 patet
647 2622 697 2684 isti
711 2622 803 2683 ianua
817 2624 887 2696 leto,

146 2704 291 2781 „lamque
306 2705 404 2766 aderit
416 2706 512 2767 multa
526 2706 636 2767 Priami
650 2706 691 2767 de
704 2707 853 2781 sanguine
863 2705 1009 2784 Pyrrhus,

144 2788 295 2865 „Gnatum
310 2795 380 2849 ante
395 2804 450 2849 ora
464 2790 570 2866 patris,
591 2798 707 2866 patrem
722 2791 775 2865 qui
789 2790 950 2851 obtruncat
964 2789 1005 2849 ad
1019 2805 1104 2853 aras.

143 2872 232 2949 „Hoc
246 2880 321 2950 erat,
336 2874 416 2933 alma
429 2890 552 2950 parens,
568 2875 653 2950 quad
666 2890 716 2935 me
731 2890 787 2950 per
800 2875 869 2949 tela,
885 2890 941 2950 per
954 2874 1044 2949 ignes

144 2956 282 3035 „Eripisz
302 2964 336 3018 ut
348 2957 459 3019 mediis
473 2958 594 3020 bostem
609 2959 640 3019 in
653 2958 870 3035 penetralibus,
891 2965 986 3033 utque
1049 2968 1104 3025 666

142 3042 331 3117 „Ascanium
344 3048 525 3119 patremque
537 3058 639 3103 meum
654 3043 799 3119 iuxtaque
810 3042 966 3117 Creusam,

142 3126 300 3201 „Alterum
314 3126 345 3187 in
358 3127 482 3189 alterius
496 3134 644 3191 mactatas
659 3128 809 3203 sauguine
823 3132 967 3188 cemamt

141 3210 267 3286 „Arma
281 3211 349 3285 viri,
364 3211 441 3273 terte
453 3227 553 3273 armat
573 3218 666 3272 vocat
679 3212 732 3273 lux
746 3212 850 3273 ultima
863 3212 977 3271 victos!

141 3290 294 3367 „Reddite
308 3311 357 3356 me
370 3294 499 3357 Danaist
522 3295 613 3357 sinite
622 3296 795 3356 instaurata
807 3295 942 3356 revisam

139 3376 296 3453 „Pmeliat
321 3378 492 3456 Numquam
506 3395 614 3441 omnes
627 3379 721 3441 bodie
734 3379 898 3441 moriemur
911 3377 1028 3441 inulti.“
1047 3388 1104 3449 670

57 3463 105 3570 ι
126 3460 212 3525 Hrirc
224 3463 312 3529 terre
327 3465 478 3547 accingor
490 3482 611 3543 narsus,
624 3464 790 3542 clipeaque
801 3463 960 3525 simsuam
