2326 3780
99 170 162 239 158
368 173 400 233 P.
422 173 584 237 VlRGlLll
605 173 781 236 Minonis

100 327 135 387 ln
150 326 266 389 somnis
280 326 363 388 ierus
377 329 511 399 Aeneas,
527 339 712 402 semperque
725 328 856 404 relinqui

99 409 174 472 Sola
187 410 255 487 sibi,
269 426 393 487 semper
406 410 529 484 longam
542 408 718 471 incomitata
729 412 851 475 videtur

98 496 146 555 lre
162 495 241 555 viam
255 502 286 556 et
298 495 409 574 Tyrios
421 495 545 556 deserta
561 508 707 569 quaerere
719 503 814 557 terrae

97 577 408 640 Eumenidumveluti
423 578 550 639 demens
564 578 650 641 videt
663 580 785 655 agmina
797 580 963 655 Pentheus,

98 663 136 724 Et
149 664 247 724 solem
261 664 413 739 geminum
429 669 460 723 et
473 661 613 738 duplices
627 678 663 725 se
677 665 840 727 ostendere
849 665 991 737 Thebasa
1006 675 1058 732 lio

98 750 161 807 Aut
173 748 434 823 Agamemnonius
449 746 551 807 scenis
565 746 694 822 agitatus
711 746 843 823 Orestes,

98 834 254 893 Armatam
269 830 387 893 lacibus
401 837 527 891 matrem
541 837 573 891 et
585 832 778 908 serpentibus
793 834 865 894 atris

99 916 196 991 Quum
210 916 294 991 lugit,
308 915 494 988 ultricesque
509 914 662 976 sedentia
676 917 779 977 linrine
792 918 895 979 Dirae.

97 1000 179 1076 Ergo
193 999 245 1059 ubi
260 998 401 1074 concepit
414 998 517 1070 turias,
534 999 633 1059 evicta
647 1001 763 1076 dolore,

97 1084 301 1159 Decrevitque
315 1082 408 1153 monii
431 1087 553 1157 tempus
567 1098 672 1153 secum
686 1085 755 1161 ipsa
767 1085 956 1162 modumque
1005 1096 1059 1153 475

98 1168 200 1243 Exigit
214 1174 252 1242 et,
266 1173 413 1227 maestam
428 1165 517 1226 dictis
535 1182 684 1242 aggressa
699 1185 845 1243 sororem,

100 1251 265 1312 consilium
279 1251 365 1311 vultu
378 1250 453 1326 tegit
466 1265 503 1310 ac
518 1266 606 1327 spem
621 1253 720 1313 lronta
735 1260 870 1314 serenat:

98 1335 234 1411 „inveni
249 1350 403 1410 germana,
418 1334 649 1409 viam-gratare
662 1338 798 1413 sorori,

99 1420 201 1495 „Quae
215 1419 288 1479 mihi
302 1418 412 1479 reddat
424 1434 504 1491 eum,
519 1420 569 1479 vel
584 1435 622 1480 eo
637 1436 686 1480 me
701 1422 802 1482 solvat
815 1427 978 1483 amantem.

98 1502 232 1579 „Oceani
247 1504 341 1564 finem
353 1503 438 1565 iuxta
452 1503 612 1580 solemque
626 1505 787 1567 cadentem
1000 1513 1065 1569 tat·

99 1587 248 1663 „Ultimus
262 1587 448 1663 Aethiopum
461 1588 550 1650 locus
565 1594 620 1663 est,
635 1587 688 1649 ubi
702 1589 852 1651 maximus
864 1589 955 1651 Atlas

97 1676 218 1745 ‚,Axem
231 1671 358 1734 humero
373 1678 496 1748 torquet
509 1671 605 1732 stellis
619 1672 796 1733 ardentibus
810 1680 928 1748 optuma

98 1757 196 1830 „Hinc
209 1756 283 1816 milri
295 1755 453 1834 Massylae
467 1756 566 1832 gentis
582 1764 749 1817 monstrata
763 1756 920 1831 sacerdos,

98 1841 323 1916 „Hesperidum
336 1840 440 1916 templi
456 1846 571 1914 custos,
590 1840 761 1916 epulasque
776 1842 902 1901 draconi

98 1924 204 1999 „Quae
218 1923 311 1985 dabat
324 1930 355 1984 et
369 1938 477 1984 sacros
491 1922 635 1983 servabat
647 1924 678 1983 in
693 1924 803 1985 arbore
816 1940 929 2000 ramos,
996 1932 1056 1990 485

98 2008 274 2085 „spargens
289 2007 414 2069 humida
428 2006 520 2067 mella
533 2008 801 2083 soporiferumque
815 2024 962 2084 papaver.

35 2092 45 2115 ⁸
97 2094 200 2169 ‚llaec
214 2107 250 2152 se
264 2090 449 2151 carminibus
464 2090 611 2165 promittit
624 2093 746 2153 solvere
759 2099 887 2168 mentes,

98 2176 201 2251 „Quas
216 2175 298 2248 velit,
317 2180 365 2235 ast
379 2173 448 2234 aliis
462 2173 555 2235 duras
572 2174 731 2236 immittere
745 2190 844 2249 curas,

98 2258 235 2334 „sistere
250 2273 363 2333 aquam
376 2255 480 2319 fluviis
495 2264 525 2317 et
538 2265 657 2319 vertere
672 2258 775 2319 sidera
786 2266 878 2334 retro,

98 2343 351 2419 „Noctumosqua
365 2340 425 2402 ciet
437 2340 562 2413 Manes,
584 2343 701 2417 mugire
716 2342 835 2403 videbis
998 2351 1053 2407 490

98 2424 184 2501 „Sub
199 2424 331 2501 pedibus
344 2432 456 2487 terram
469 2431 500 2486 et
513 2426 703 2486 descendere
716 2423 869 2489 montibtu
886 2441 991 2489 ornos

98 2509 233 2586 „testor
248 2524 329 2582 cara,
345 2509 423 2569 deos
437 2514 469 2570 et
480 2515 520 2583 te,
535 2522 687 2583 gennano,
702 2516 848 2606 tuumque

99 2592 213 2670 „Dulce
227 2598 327 2668 caput,
342 2592 479 2667 magicas
493 2592 618 2651 invitam
632 2593 788 2668 accingier
798 2601 890 2653 artes.

98 2674 165 2753 „Tu
178 2681 298 2737 secreta
311 2692 422 2754 pyram
434 2683 514 2736 tecto
529 2675 673 2736 interiore
687 2676 744 2737 sub
759 2691 850 2737 auras

98 2758 220 2837 „lirigq
235 2765 265 2819 et
278 2774 363 2820 anna
376 2759 443 2832 viri,
457 2758 591 2819 thalamo
607 2775 686 2834 quae
699 2760 763 2819 lixa
775 2759 897 2835 reliquit
998 2766 1051 2823 495

98 2842 244 2921 „Impius
259 2842 449 2918 exuviasque
464 2858 571 2921 omnep
585 2843 756 2918 lectumque
771 2843 910 2918 iugalem,

98 2926 187 3004 „Quo
201 2926 286 3003 perii,
302 2926 553 3003 superimponasr
575 2926 698 2989 abolere
712 2928 836 2987 nelandi
884 2992 892 3001 q

98 3012 232 3089 „cuncta
244 3009 302 3071 viri
315 3018 511 3073 monumenta
524 3011 616 3087 iuvat,
631 3018 838 3085 monstratque
853 3010 1033 3071 sacerdos.“

96 3094 183 3159 mec
196 3094 289 3157 effata
303 3095 382 3171 silet„
399 3096 499 3171 pallor
513 3096 603 3156 simul
618 3101 748 3170 occupat
763 3110 826 3155 ora.

97 3178 167 3241 nou
177 3184 280 3241 tamen
293 3179 384 3239 Anna
399 3180 490 3240 novis
504 3186 684 3255 praetexere
697 3179 804 3239 lunera
817 3177 915 3238 sacris
1000 3186 1055 3241 too

99 3260 281 3327 (immanem
294 3262 398 3338 credit,
413 3278 471 3324 nec
484 3269 586 3325 tantos
600 3270 700 3324 mente
714 3263 833 3323 furores

99 3344 246 3423 concipit,
262 3353 314 3408 aut
326 3346 469 3422 graviora
482 3346 574 3424 timet,
590 3364 681 3424 quam
694 3352 790 3408 morte
804 3342 948 3423 Sychaei.
1023 3422 1026 3427 Ι

97 3428 179 3507 Dipo
194 3428 280 3492 iussa
292 3436 388 3507 parat
