2326 3780
35 174 102 243 354
308 173 342 232 P.
362 171 528 232 VIRGILII
548 170 749 237 MARONIS

36 326 163 406 „conati
178 341 248 387 cum
261 325 323 386 sint
337 324 493 401 quondam
505 325 698 387 rescindere
714 327 887 398 mundum;

36 414 94 487 „Et
106 411 221 487 Tityos,
237 409 362 484 Latona,
376 416 448 469 tuac
460 422 580 469 memor
594 412 718 471 anxius
734 413 806 472 irae
818 444 833 454 -
962 420 997 471 235

37 493 262 573 „implacabilis
275 494 321 553 ira
334 492 425 553 nimis
438 524 468 567 -,
488 492 568 552 iacet
581 494 669 555 alitis
686 510 780 557 esca.

38 581 185 656 „Terreor
199 578 240 637 ah
253 577 344 637 tantis
357 576 509 649 insistere,
524 582 656 653 terreor,
671 579 819 640 umbris!

39 664 109 739 „Ad
124 662 248 739 Stygias
262 666 426 720 revocatus
441 675 549 735 aquas,
566 661 620 721 vix
635 662 773 724 ultimus
789 664 877 724 amni

12 726 173 823 '„itestat,
189 751 347 805 nectareas
362 744 467 803 divum
482 743 534 818 qui
548 746 694 819 prodidit
710 762 820 823 escas,

39 829 194 905 „Gutturis
210 829 307 889 arenti
321 829 478 888 revolutus
490 828 520 886 in
536 829 642 888 omnia
657 846 775 891 sensu.
963 840 1001 891 tat

40 913 147 988 „Quid
163 929 273 974 saxum
286 912 395 988 procul
409 913 540 971 adverso
557 913 610 986 qui
626 921 740 974 rncnte
754 915 904 991 revolvit,

40 997 268 1073 „contemsisse
282 996 372 1056 dolor
386 1010 477 1071 quern
491 996 617 1055 numina
632 997 736 1059 vincit
751 998 903 1074 acerbus,

40 1080 128 1156 „Otia
143 1086 340 1156 quaerentem
355 1080 488 1140 frustrat
507 1079 574 1138 Vos
588 1079 640 1152 ite,
656 1082 799 1158 puellae,

40 1166 111 1239 „lte
128 1164 239 1239 quibus
254 1163 362 1223 taedas
377 1163 518 1223 accendit
530 1163 625 1223 tristis
640 1164 799 1244 Erinnys,

39 1247 145 1322 „Sicut
157 1247 276 1322 Hymen
292 1248 430 1322 praelata
444 1246 528 1307 dedit
544 1247 699 1307 connubia
715 1250 850 1310 mortis!
963 1256 1001 1309 tte

39 1334 160 1406 „Atque
174 1331 251 1391 alias
266 1331 326 1390 alio
341 1332 452 1391 densat
465 1346 560 1406 super
574 1331 698 1407 agmine
714 1340 852 1407 turmae,

39 1414 216 1490 „impietate
230 1414 296 1475 iera
309 1415 476 1477 vecordem
490 1414 636 1475 Colchida
650 1423 800 1491 matrem,

39 1499 160 1574 „Anxia
175 1497 313 1559 sollicitis
327 1499 522 1559 meditantem
536 1500 666 1559 vulnera
680 1501 788 1571 natis;

39 1584 122 1657 „lam
135 1581 321 1643 Pandionias
335 1583 528 1642 miserandas
543 1583 630 1657 prole
645 1584 785 1658 puellae,

39 1666 193 1741 „Quarum
207 1682 270 1726 vox
283 1667 353 1744 Ityn
368 1666 431 1727 edit
444 1666 523 1742 Ityn,
540 1682 600 1740 quo
615 1666 784 1729 Bistonius
799 1685 871 1743 rex,
961 1675 998 1727 tel

40 1748 158 1826 „Orbus
174 1766 274 1826 epops
288 1757 405 1811 maeret
417 1751 560 1809 volucres
576 1756 705 1810 evectus
720 1751 755 1810 in
772 1769 883 1813 auras.

39 1836 99 1909 „tt
113 1835 325 1895 discordantes
342 1835 473 1894 Cadmeo
490 1834 606 1893 semine
621 1834 734 1895 iratres

39 1919 122 1992 „lam
136 1918 305 1978 tmculenta
320 1918 420 1978 lerunt
433 1918 607 1992 infestaque
621 1918 738 1978 lumina
754 1934 880 1996 corpus

39 2004 145 2077 „Alter
158 2003 189 2062 in
204 2002 343 2072 alterius;
366 2002 489 2076 iamque
504 2009 664 2063 aversatur
679 2009 830 2079 uterque,

39 2086 155 2162 „Impia
170 2086 306 2161 germani
320 2093 423 2147 manat
437 2085 522 2160 quod
535 2086 688 2160 sanguine
703 2087 833 2147 dextra.
962 2098 1000 2149 tet
1034 2088 1037 2103 '

39 2170 126 2244 „Heu
140 2170 209 2243 heu,
224 2169 389 2230 mutandus
403 2185 571 2245 numquam
584 2168 687 2229 labor!
710 2171 855 2231 Auleror
870 2173 949 2233 ultra
1036 2154 1041 2271 ἰ

39 2254 92 2327 „In
108 2254 232 2313 diversa
245 2253 358 2329 magis3
381 2252 526 2313 distantia
539 2253 642 2313 limina
656 2268 770 2325 cem03

39 2337 209 2411 „Eridanus
225 2337 410 2407 hanandus3
433 2352 510 2411 agor
524 2337 643 2397 delatus
659 2335 700 2397 ad
715 2338 850 2398 undam.

39 2420 156 2493 „Obvia
169 2419 367 2496 Persephone
381 2421 508 2481 comites
523 2420 670 2481 heroidas
683 2428 776 2497 urget

39 2503 216 2581 „Adversas
231 2505 367 2579 perteue
381 2506 476 2565 laces.
510 2504 644 2565 Alcestis
659 2503 698 2564 ab
715 2506 804 2566 omni
961 2516 1002 2570 tto

39 2586 206 2662 „inviolata
219 2596 308 2647 vacat
322 2604 404 2661 cura,
420 2588 505 2664 quod
519 2604 615 2648 saeva
628 2588 729 2649 mariti

39 2672 130 2747 „ipsa
145 2670 209 2730 suis
225 2671 295 2731 latis
309 2672 433 2733 Admeti
448 2673 510 2732 lata
523 2678 640 2734 morata
654 2678 711 2731 cst.

39 2756 146 2832 „Ecce
162 2754 256 2814 Ithaci
272 2756 384 2817 coniux
399 2772 522 2831 semper
536 2756 630 2816 decus
645 2754 798 2833 hariolis,

38 2838 233 2916 „Femineum
246 2838 423 2915 incorrupta
438 2840 533 2901 decus
547 2844 657 2911 manet,
673 2844 706 2899 et
717 2842 834 2915 procul
853 2844 909 2905 illa

38 2922 158 2999 „Turba
171 2925 259 2983 ferox
273 2923 416 2984 iuvenum
428 2924 498 2985 telis
513 2922 636 2985 confixa
649 2937 834 2999 procorum.
960 2936 1004 2991 aes

37 3007 135 3083 „Quid
150 3007 263 3069 misera
274 3008 429 3085 Eurydice
442 3015 526 3069 tanto
541 3022 679 3067 maerore
693 3007 840 3083 recessit,

37 3090 221 3166 „Poenaque
234 3099 395 3168 respectus
410 3099 440 3152 et
453 3107 536 3153 nunc
549 3098 659 3163 manet,
675 3089 832 3169 Orpheus,
850 3094 883 3155 in
898 3103 950 3157 tet
1059 3084 1065 3155 Ι.

38 3174 169 3249 „Audax
183 3176 234 3235 illc
248 3177 380 3250 quidem,
398 3176 449 3252 qui
464 3176 567 3237 mitem
581 3174 736 3237 Cerberon
751 3194 896 3253 unquam

38 3255 199 3332 „Credidit
215 3260 334 3321 autulii
349 3261 425 3321 Ditis
439 3259 591 3336 placabile
605 3275 727 3334 numen,

38 3339 119 3412 „Nec
134 3342 229 3402 timuit
242 3343 461 3419 Phlegethonta
474 3345 624 3405 furentem
637 3343 822 3411 ardentibus
835 3348 941 3425 undis,
955 3354 1006 3411 etc

37 3421 119 3494 „Nec
133 3434 250 3488 maesta
263 3428 386 3491 obtenta
399 3428 476 3491 Ditis
491 3428 644 3503 ferragine
657 3444 764 3507 regna,
