2326 3780
416 217 610 279 AENEIDOS
633 219 707 279 ΗΒ.
727 220 779 278 VI.
1009 216 1071 281 201

121 373 251 451 „Omnia
261 371 420 447 Deiphobo
438 372 558 432 solvisti
573 379 603 431 et
617 371 731 431 funeris
746 370 869 430 umbris.
1021 382 1073 436 510

121 458 207 532 „Sed
221 472 269 516 me
284 457 346 515 iata
358 472 427 515 mea
441 465 471 516 et
485 457 587 516 scelus
602 455 723 515 exitiale
736 455 896 515 Lacaenae

120 542 197 617 „His
213 556 346 600 mersere
360 541 465 611 malis;
489 541 540 600 illa
555 541 630 600 haec
643 546 839 599 monumenta
851 538 982 613 reliquit.

122 626 280 702 „Namque
293 632 327 684 ut
341 641 514 700 supremam
528 625 607 684 salsa
620 624 698 683 inter
711 623 824 698 gaudia
837 630 958 684 noctem

122 710 310 784 „Egerimus
328 710 425 780 nosti;
448 716 477 769 et
490 709 613 768 nimium
627 707 802 768 meminisse
816 722 947 768 necesse
961 715 1017 769 est.

123 794 241 870 „Quum
257 793 355 852 fatalis
372 809 469 868 equus
486 794 563 853 saltu
579 808 673 868 super
687 792 785 852 ardua
797 792 881 851 venit
1021 799 1073 853 ala

122 879 296 954 „Pergama
311 885 342 936 et
355 885 501 937 armatum
515 877 648 953 peditem
663 877 765 951 gravis
780 876 878 936 attulit
890 876 978 945 alvo;

121 963 206 1039 „llla,
222 962 348 1021 chorum
363 962 519 1036 simulans,
534 969 660 1020 evantes
675 961 761 1035 orgia
775 960 888 1020 circum

121 1045 279 1123 „Ducebat
290 1044 448 1123 Phrygias,
464 1044 615 1105 flammam
629 1044 731 1105 media
745 1045 815 1118 ipsa
827 1043 949 1104 tenebat

121 1132 307 1207 „Ingentem
324 1136 353 1188 ct
368 1146 486 1189 summa
500 1130 623 1189 Danaos
638 1144 677 1188 ex
692 1143 762 1188 arce
777 1128 916 1189 vocabat.
1030 1205 1031 1208 Ἴ

121 1216 217 1292 „Tum
231 1230 280 1272 me
295 1214 466 1274 conlectum
481 1216 561 1275 curis
576 1228 746 1287 somnoque
760 1220 918 1287 gravatum
1021 1224 1074 1276 520

121 1297 251 1375 „Infelix
266 1296 370 1357 habuit
382 1298 543 1371 thalamus,
558 1297 732 1372 pressitque
747 1297 896 1356 iacentem

121 1380 247 1459 „Dulcis
263 1387 292 1439 et
306 1381 366 1439 alta
381 1381 478 1455 quies,
494 1381 694 1455 placidaeque
708 1380 859 1440 simillima
873 1382 970 1441 morti.

124 1463 279 1540 „Egregia
291 1463 406 1522 interea
421 1464 531 1525 coniux
546 1481 630 1523 arma
644 1463 745 1522 omnia
759 1464 846 1525 tectis

122 1548 283 1624 „Amovet
298 1546 437 1605 cllidum
451 1547 543 1620 capiti
559 1547 745 1607 subduxerat
761 1563 881 1618 ensem,

122 1632 226 1708 „Intra
238 1636 318 1688 tecta
333 1636 423 1689 vocat
435 1630 605 1690 Menelaum
620 1638 649 1689 et
663 1629 766 1688 limina
779 1632 894 1706 pandit,
958 1683 961 1687 .
1022 1642 1073 1695 525

122 1713 266 1791 „Scilicet
280 1713 311 1772 id
325 1728 466 1787 magnum
480 1728 609 1788 sperans
625 1715 690 1773 lore
704 1730 813 1774 munus
828 1715 949 1790 amanti,

122 1798 183 1875 „Et
198 1798 307 1856 lamam
322 1797 473 1872 exstingui
486 1804 621 1857 veterum
637 1797 681 1857 sic
696 1812 791 1872 posse
806 1799 963 1858 malorum.

121 1881 225 1959 ‚,de
238 1888 362 1941 morort
384 1882 556 1957 Inrumpunt
569 1882 717 1952 thalamo3
740 1896 844 1942 comes
859 1882 980 1945 additur
993 1898 1054 1943 una

121 1967 286 2044 „Hortator
300 1966 449 2025 scelerum
463 1966 619 2025 Aeolides.
646 1964 693 2039 Di,
709 1965 780 2024 talia
796 1966 893 2027 Graiis

120 2050 319 2127 „Instauratq
334 2049 385 2125 pio
401 2049 428 2108 si
441 2065 560 2124 poenas
576 2064 629 2109 ore
642 2057 789 2124 reposco!
1021 2060 1074 2113 53⁰
1101 2118 1104 2123 ,

120 2134 209 2211 „Sed
221 2140 252 2192 te
268 2133 319 2209 qui
332 2134 436 2192 vivum
451 2149 551 2207 casus,
567 2149 624 2208 age
639 2133 703 2193 iare
717 2133 862 2207 vicissim,

120 2218 312 2295 „Attulerint
339 2217 481 2292 Pelagine
494 2218 582 2276 venis
597 2217 751 2278 erroribus
767 2224 861 2290 actus,

120 2304 194 2376 „An
208 2302 323 2362 monitu
337 2301 463 2361 divtimt
482 2318 521 2360 an
534 2334 578 2344 -
592 2317 672 2375 quae
685 2308 715 2361 te
728 2302 862 2361 Fortuna
876 2301 988 2375 fatigat,

123 2384 183 2458 „Ut
197 2385 298 2444 tristes
312 2385 378 2445 sine
392 2387 459 2445 sole
473 2386 593 2460 domoS,
608 2386 678 2447 loca
690 2386 819 2459 turbida,
836 2385 983 2446 adirest“

121 2468 188 2526 Hac
201 2467 270 2526 vice
285 2483 458 2529 sermonum
471 2469 570 2529 roseis
585 2470 706 2529 Aurora
720 2470 877 2544 quadrigis
1021 2480 1072 2534 635

123 2553 187 2610 larn
201 2550 333 2609 medium
347 2552 480 2612 aetherio
496 2570 587 2613 cursu
601 2554 759 2613 traiecerat
773 2569 871 2627 axenr,

121 2636 159 2697 Et
174 2635 237 2694 iors
254 2649 344 2693 omne
359 2635 462 2695 datum
475 2636 628 2697 traherent
641 2653 696 2713 per
710 2638 782 2697 talia
796 2646 915 2712 tempus
927 2661 936 2706 ς

124 2720 187 2780 Sed
203 2734 306 2778 comcs
321 2718 485 2796 admonuit,
498 2720 692 2796 breviterque
707 2721 799 2781 affata
814 2721 932 2798 Sibylla
946 2728 1008 2782 esta

121 2804 210 2881 „Nox
224 2803 290 2876 mit
307 2803 429 2875 Aenea;
452 2821 509 2864 nos
524 2802 628 2867 flendo
644 2805 782 2865 ducimus
798 2806 906 2865 horest

122 2888 198 2963 „Hic
212 2888 299 2948 loeus
313 2894 369 2964 est,
384 2894 487 2963 partes
501 2888 554 2949 ubi
567 2904 603 2949 se
616 2889 668 2949 ria
679 2888 768 2950 findit
781 2890 811 2948 in
826 2888 947 2948 ambas:
1021 2898 1075 2951 540

121 2972 275 3046 „Dextera
290 2988 368 3046 quae
382 2973 459 3033 Ditis
474 2972 576 3047 magni
591 2973 648 3033 sub
662 2973 785 3033 moenia
797 2973 901 3046 tendit,

122 3056 207 3128 „Hac
222 3055 277 3112 iter
290 3055 429 3133 Elysium
443 3056 549 3126 nobis;
573 3062 604 3117 at
617 3057 705 3115 laeva
718 3057 867 3116 malorum

120 3137 272 3212 „Exercet
286 3154 402 3213 poenas
418 3140 501 3200 etad
516 3139 610 3215 impia
622 3142 746 3199 Tartara
758 3139 875 3198 mittit.“

119 3220 300 3294 Deiphobus
315 3230 434 3282 contra:
457 3224 521 3298 „Ne
537 3224 632 3295 saevi,
647 3238 758 3297 magna
774 3220 936 3282 sacerdos=
956 3232 961 3245 ’

120 3304 314 3379 „Discedam
331 3307 462 3382 explebo
477 3323 643 3379 numerum,
657 3306 831 3380 reddarque
844 3304 991 3367 tenebris.
1021 3313 1079 3365 aas

119 3388 153 3461 „l
169 3389 273 3461 decus,
288 3389 307 3459 i,
323 3398 476 3451 nostrum!
498 3389 675 3451 melioribus
691 3397 778 3451 utere
790 3388 910 3450 tauram

118 3475 246 3534 Tantum
262 3471 377 3549 allatus,
393 3482 423 3535 et
435 3473 466 3535 in
485 3476 582 3537 verbo
597 3475 739 3555 vestigia
749 3474 860 3539 torsit
