2326 3780
362 106 581 171 GEORGICON
600 109 673 169 LIB.
688 111 738 169 111.
986 112 1028 177 59

76 260 204 323 Arcebis
219 258 348 336 gravido
362 260 476 335 pecori,
493 268 690 336 armentaque
703 279 815 337 pasces
977 275 1028 330 15⁵

74 345 148 408 Sole
162 360 272 405 recens
288 350 354 417 orto
369 350 423 405 aut
436 352 556 405 noctem
571 345 751 407 ducentibus
766 348 866 407 astris.

115 431 189 491 Post
202 435 322 505 parturn
337 443 410 488 cura
424 428 454 487 in
468 430 579 491 vitulos
594 430 761 495 traducitur
775 432 889 504 omnis3

75 515 287 590 Continuoque
301 519 390 573 notas
402 520 432 572 et
445 514 568 574 nomina
581 514 680 589 genita
694 515 823 589 inurunt,

73 600 120 674 Et,
138 614 217 674 quos
232 603 284 659 aut
297 596 404 673 pecori
417 598 521 658 malint
534 597 709 659 submittere
722 598 874 673 habendo,

74 685 138 744 Aut
152 682 213 742 eris
228 697 351 741 servare
366 696 482 755 sacros,
499 689 552 743 aut
566 683 706 743 scindere
719 690 830 743 11111111
978 693 1029 753 160,

75 767 114 826 Et
129 781 267 841 campum
281 765 454 825 horrentem
469 767 571 827 fractis
587 767 737 827 invertere
751 767 877 843 glebis.=

77 849 184 910 Cetera
197 855 365 925 pascuntur
377 850 491 910 virides
506 858 642 911 armenta
655 868 712 928 per
725 851 847 912 herbas.

74 934 120 994 iu
135 948 213 1008 quos
228 933 269 993 ad
283 934 415 995 studium
429 941 521 1011 atque
534 953 625 997 usum
639 935 785 997 sonnabis
799 941 958 1012 agrestem,

73 1019 139 1078 lam
152 1017 264 1077 vitulos
279 1017 409 1091 hortare,
424 1019 567 1094 viamque
581 1020 688 1080 insiste
703 1020 856 1095 domandi,

72 1103 153 1165 Dum
167 1101 273 1162 faciles
288 1101 379 1162 animi
394 1103 545 1177 iuvenum,
561 1104 634 1163 dum
647 1103 768 1165 mobilis
784 1110 878 1165 aetas.
976 1113 1026 1169 165

72 1188 120 1247 Ac
134 1186 265 1262 primurn
279 1186 368 1247 laxos
381 1187 464 1246 tenui
480 1187 518 1247 de
533 1187 645 1248 vimine
660 1189 770 1249 circlos

75 1270 193 1331 Cervici
208 1269 369 1341 subnecte3
394 1271 513 1346 dehinc,
528 1271 581 1331 ubi
595 1272 691 1331 libera
705 1273 784 1332 colla

74 1353 205 1415 Servitic
220 1354 385 1429 adsuerint,
400 1354 477 1430 ipsis
493 1371 510 1414 e
524 1355 685 1430 torquibus
700 1363 789 1431 aptos

73 1437 168 1512 Iunge
182 1454 283 1514 pares,
299 1444 330 1498 11
344 1453 421 1513 coge
434 1438 561 1514 gradum
576 1440 715 1499 conterre
729 1439 884 1515 iuvencos,

72 1524 176 1597 Atque
189 1522 248 1582 illis
265 1522 324 1582 iam
339 1538 434 1598 saepe
448 1529 534 1582 rotae
550 1523 698 1583 ducantur
711 1523 818 1582 inanes
975 1532 1026 1588 110

71 1605 130 1666 Ρ11
142 1612 262 1681 terram,
278 1612 308 1666 et
321 1623 439 1667 summo
454 1607 584 1682 vestigia
596 1608 723 1682 pulvere
737 1607 872 1680 signent,

73 1689 147 1750 Post
158 1689 262 1750 valido
275 1691 374 1751 nitens
390 1690 447 1751 sub
462 1691 600 1766 pondere
614 1691 734 1765 faginus
749 1690 816 1750 axis

72 1774 234 1849 instrepat
250 1780 281 1834 et
293 1774 413 1835 iunctos
426 1782 507 1836 temo
521 1774 620 1836 trahat
634 1790 743 1834 aereus
759 1773 859 1835 orbes.

71 1859 192 1918 Interea
205 1857 459 1934 pubiindomitac
472 1875 534 1919 non
548 1860 685 1934 gramina
697 1864 821 1931 tantum,
937 1889 943 1895 ·

70 1942 136 2004 Nec
149 1957 261 2003 vescas
275 1943 404 2003 salicum
418 1944 544 2013 frondes
558 1944 722 2019 ulvamque
735 1943 911 2019 palustrem,
975 1951 1025 2007 111
1110 1953 1111 1956 ’

71 2025 137 2089 Sed
152 2027 301 2087 frumenta
314 2043 407 2088 manu
421 2043 530 2103 carpes
546 2034 621 2088 sata.
656 2029 718 2089 Nec
732 2027 786 2087 tibi
801 2028 880 2086 letae
953 2048 956 2083 ε

69 2111 160 2172 More
173 2116 292 2186 patrum
305 2111 396 2171 nivea
409 2112 577 2187 implebunt
589 2113 763 2173 mulctraria
776 2126 900 2187 vaccae,

71 2195 136 2258 Sed
150 2194 259 2255 totuin
274 2195 379 2256 dulces
394 2202 573 2256 consument
585 2196 681 2258 ubera
694 2202 793 2256 natos.
888 2267 893 2277 ¹

116 2278 171 2340 Sin
185 2278 225 2339 ad
239 2277 320 2338 bella
333 2280 432 2355 magis
447 2278 581 2340 studium
594 2285 774 2355 turmasque
788 2280 916 2356 seroces,

73 2366 136 2423 Aut
149 2362 270 2438 Alphea
282 2363 358 2423 rotis
372 2363 509 2439 praelabi
524 2362 649 2425 flumina
662 2361 760 2438 Pisae,
975 2374 1025 2428 180

73 2447 113 2506 Et
124 2445 206 2506 lovis
221 2446 252 2506 in
266 2447 336 2507 luco
353 2461 459 2508 currus
473 2447 588 2522 agitare
601 2447 756 2507 volantes:

73 2528 190 2589 Primus
205 2530 277 2606 equi
291 2530 379 2590 labor
389 2538 438 2592 cst
450 2531 569 2591 animos
584 2538 676 2606 atque
689 2546 774 2591 arma
787 2531 893 2591 videre

72 2612 252 2689 Bellantum,
267 2615 421 2689 lituosque
435 2615 507 2691 pati,
522 2621 681 2689 tractuque
695 2622 864 2690 gementem

72 2697 168 2758 Ferre
180 2705 278 2759 rotam
292 2705 323 2760 et
336 2698 456 2760 stabulo
472 2700 576 2759 frenos
590 2699 697 2759 audire
712 2707 871 2769 sonantcs;

72 2782 149 2842 Tum
162 2783 259 2859 magis
273 2790 366 2858 atquc
378 2783 476 2859 magis
489 2783 610 2844 blandis
625 2783 759 2859 gaudere
771 2782 907 2858 magistri
975 2787 1024 2844 185

71 2865 238 2940 Laudibus,
254 2874 285 2928 et
297 2868 425 2943 plausae
439 2867 572 2928 sonitum
585 2867 713 2928 cervicis
729 2882 840 2928 amare.

72 2950 267 3027 Atque-haec
280 2951 342 3011 iarn
355 2951 452 3027 primo
469 2952 618 3028 depulsus
634 2951 672 3012 ab
686 2951 781 3013 ubere
793 2950 899 3011 matris
1010 2972 1025 3001 ·-

70 3034 204 3108 Audeat,
220 3030 313 3111 inque
328 3036 426 3097 vicem
440 3036 493 3097 det
505 3037 648 3098 mollibus
662 3052 718 3097 ora
731 3035 873 3112 capistris

70 3118 240 3191 invalidus,
255 3118 407 3195 etiamque
421 3126 562 3196 tremens,
578 3122 666 3182 etiam
682 3120 798 3181 inscius
812 3117 890 3180 aevi.

71 3205 115 3264 At
126 3201 224 3263 tribus
239 3204 355 3264 exactis
368 3204 420 3265 ubi
437 3212 543 3281 quarta
557 3205 710 3282 acceperit
724 3210 836 3277 aestas,
974 3209 1026 3266 110

75 3285 209 3362 Carpere
221 3302 295 3347 mox
308 3304 418 3365 gyrum
431 3289 556 3366 incipiat
569 3290 776 3366 gradibusque
790 3303 902 3348 sonare

75 3367 269 3446 Compositis,
286 3371 446 3471 sinuetque
460 3375 577 3436 alterna
589 3374 745 3435 volumina
759 3389 888 3447 crurum,
