2340 4296
354 654 550 717 aoootoos
570 656 646 716 LlB.
660 658 741 717 Vlll.
965 658 1029 721 249

65 810 157 872 Haud
170 809 279 887 procul
292 808 364 868 hinc
378 808 496 869 Tarcho
511 816 542 871 et
553 808 701 885 Tyrrheni
715 816 781 869 tuta
793 808 937 871 tenebant

67 896 175 956 Castra
187 894 275 969 locis,
290 894 439 969 celsoque
453 894 553 955 omnis
569 894 609 954 de
622 894 702 953 oolte
718 894 814 953 videri

66 980 130 1039 lam
144 984 266 1055 poterat
278 976 369 1053 legio,
384 983 416 1037 et
428 978 498 1039 latis
511 976 657 1039 tendebat
670 978 701 1037 in
716 978 809 1038 arvis.
974 988 1028 1043 ooo

66 1064 133 1123 lluc
147 1071 236 1139 pater
247 1064 371 1122 Aeneas
386 1068 417 1121 et
429 1061 511 1125 bello
526 1063 605 1123 lecta
619 1062 762 1123 iuventus

68 1146 252 1221 Succedunt,
267 1146 406 1223 fessique
421 1154 452 1207 et
466 1162 565 1223 equos
580 1154 611 1207 et
624 1162 757 1223 corpora
770 1154 889 1207 curant.

107 1234 149 1291 ,tt
162 1232 268 1291 Venus
281 1230 436 1291 aetherios
448 1230 527 1291 inter
540 1232 600 1293 dea
614 1230 748 1291 candido
760 1230 882 1292 nimbos

66 1315 154 1376 Dona
167 1316 270 1375 ferens
284 1315 406 1387 adorata
428 1324 595 1392 natumque
608 1316 639 1377 in
652 1316 734 1375 valle
748 1315 876 1379 reducta

65 1400 104 1461 Ut
118 1400 225 1475 procul
240 1406 271 1460 et
283 1399 386 1475 gelido
402 1408 553 1461 secretum
566 1400 692 1461 llumine
705 1400 792 1476 vidit,
973 1408 1027 1463 olo

63 1484 185 1545 Talibus
202 1482 296 1543 affata
309 1491 357 1543 est
371 1484 470 1559 dictis,
485 1500 583 1561 seque
597 1483 705 1546 obtulit
717 1484 811 1545 ultro=

63 1568 129 1643 „En
143 1570 280 1644 perlecta
293 1568 353 1627 mei
368 1570 523 1643 promissa
536 1570 676 1645 coniugis
691 1576 757 1630 arte

63 1652 217 1727 „Munera
233 1668 273 1712 ne
287 1668 361 1712 mox
375 1660 427 1713 aut
440 1652 616 1729 Laurentes,
630 1662 711 1727 nate,
727 1652 889 1730 superbos,

63 1738 145 1811 „Aut
159 1752 261 1795 acrem
276 1735 398 1795 dubites
412 1737 443 1794 in
458 1739 576 1812 proelia
589 1752 721 1815 poscere
733 1738 895 1799 bunum
1057 1786 1060 1795 .

63 1819 146 1879 Dixit
159 1829 189 1905 et
205 1821 367 1895 amplexus
381 1821 443 1879 nati
459 1820 610 1896 Cytherea
624 1822 743 1897 petivit3
972 1832 1025 1885 oto

60 1906 157 1963 Arma
171 1902 228 1963 sub
244 1904 378 1963 adversa
391 1905 496 1978 posuit
508 1907 658 1966 radiantia
673 1922 797 1983 quercu.

62 1987 127 2058 llle,
144 1987 221 2045 deae
236 1986 328 2045 donis
339 1994 370 2046 et
382 1993 466 2047 tanto
481 1988 579 2049 laetus
594 1990 720 2060 honore,

60 2070 187 2145 Expleri
202 2070 308 2144 nequit
322 2077 415 2147 alque
429 2072 536 2131 oculos
551 2088 608 2145 per
621 2073 741 2146 singula
753 2073 858 2145 volvit,

61 2154 250 2229 Miraturque
265 2154 405 2229 interque
419 2170 528 2215 monus
542 2164 573 2215 et
585 2155 712 2215 brachia
726 2164 829 2215 versat

60 2236 238 2297 Terribilem
252 2238 353 2299 cristis
367 2240 487 2315 galeam
501 2238 702 2315 llamnnasque
715 2246 897 2311 vomentem,
971 2248 1026 2301 olo

60 2322 288 2399 Fatiierumque
304 2338 419 2395 ensem,
435 2323 561 2383 loricam
575 2338 615 2383 ex
630 2338 701 2383 aere
716 2322 871 2398 rigentem,

59 2408 278 2483 Sanguineam,
294 2407 456 2483 ingentem,
473 2408 573 2485 qualis
588 2424 681 2484 quum
696 2408 820 2468 oaemla
832 2405 931 2469 nubes

62 2491 144 2553 Solis
159 2491 326 2552 inardescit
338 2492 434 2553 radiis
448 2492 603 2569 longeque
615 2492 760 2567 refulgeo

60 2576 136 2637 Turn
149 2578 235 2637 leves
252 2592 360 2637 ocreas
376 2577 489 2637 electro
504 2591 643 2654 auroque
655 2583 789 2647 recocto,

61 2660 259 2735 Hastamque,
274 2668 305 2721 et
318 2661 409 2737 clipei
424 2675 485 2720 non
501 2660 671 2721 enarrabile
683 2668 809 2719 textum.
970 2666 1024 2723 625

60 2744 126 2804 Illic
139 2760 190 2805 res
205 2746 296 2805 italos
310 2746 580 2820 Romanorumque
593 2745 773 2819 triumphos,

60 2827 152 2888 Haud
165 2838 269 2889 vatum
282 2830 407 2903 ignauis
421 2830 601 2904 venturique
617 2828 734 2889 inscius
748 2828 826 2903 aevi,

59 2912 187 2973 Fecerat
201 2912 393 2989 Ignipotens3
416 2914 478 2973 illio
492 2930 590 2991 genus
604 2929 695 2975 omne
710 2914 827 2975 futurae

61 2996 172 3073 Stirpis
188 2995 226 3056 ab
241 2997 377 3057 Ascanio
391 3006 588 3073 pugnataque
602 2998 632 3059 in
646 2998 753 3059 ordine
768 2998 856 3058 bella

58 3082 188 3143 Fecerat
201 3088 232 3141 et
245 3081 335 3140 viridi
350 3082 442 3142 letam
455 3084 603 3144 Mavortis
616 3084 648 3143 in
662 3090 749 3143 antro
968 3089 1024 3145 ooo

58 3163 267 3226 Procubuisse
281 3166 401 3241 lopamz
424 3168 563 3243 geminos
577 3168 648 3228 huic
661 3168 758 3229 ubera
772 3167 885 3227 circum

59 3250 181 3311 Ludere
194 3249 366 3326 pendentes
380 3266 504 3327 pueros,
519 3252 698 3313 allambere
712 3262 839 3313 matrem

59 3334 256 3410 impavidos;
278 3334 361 3394 illam
375 3335 460 3395 tereti
475 3337 596 3397 cervice
609 3336 757 3397 reflexam

58 3418 195 3479 Mulcero
208 3420 353 3491 astemoe,
370 3428 400 3479 et
413 3434 547 3495 corpora
560 3421 676 3496 fingere
691 3420 804 3495 lingua.

57 3503 122 3563 blec
136 3504 244 3579 procul
257 3504 330 3565 hinc
342 3504 471 3565 Romam
485 3512 516 3565 et
528 3511 633 3580 raptas
649 3506 716 3563 sine
727 3517 814 3563 more
824 3498 955 3561 Sabinas
968 3508 1022 3563 dot

60 3587 218 3648 Consessu
234 3602 358 3661 caveae,
373 3589 492 3663 magnis
507 3587 702 3649 circensibus
716 3587 803 3659 actis,

60 3668 240 3744 Addiderat,
255 3672 419 3747 subitoque
432 3688 547 3732 novum
561 3686 750 3746 consurgere
763 3668 875 3731 bellum

59 3752 231 3815 Romulidis
244 3754 393 3831 Tatioque
408 3757 474 3816 seni
487 3754 679 3829 Curibusque
693 3754 822 3815 severis.

58 3836 133 3897 Post
147 3836 239 3909 idem,
255 3836 334 3899 inter
346 3854 382 3900 se
396 3839 499 3915 posito
514 3840 687 3911 conamine,
701 3852 792 3913 reges

57 3920 824 4003 Armatilovisantaararnpaterasquetenettaa
992 3920 1057 3969 m
