2326 3780
358 110 553 195 Aruernos
573 112 647 170 cm.
668 112 720 171 vr.
956 108 1017 173 111

60 267 195 343 „Iupiter
210 270 262 325 aut
275 265 389 324 ardens
404 264 507 324 evexit
521 265 562 324 ad
577 264 702 325 aethera
715 264 821 337 virtus,
969 272 1020 326 131

59 349 135 427 „Dis
150 350 243 425 geniti
257 356 395 426 potuere.
423 349 539 409 Tenent
552 350 654 409 media
669 350 771 408 omnia
785 349 891 423 silvae,

60 436 278 512 „Cocytosque
293 435 361 493 sinu
376 433 483 492 labens
500 433 699 493 circumvenit
713 440 790 493 atro.

60 520 170 598 „Quod
185 520 212 579 si
226 524 328 578 tantus
344 532 430 576 amor
444 518 546 591 menti,
563 519 589 577 si
603 524 688 577 tanta
702 516 815 592 cupido
831 523 879 575 est

60 605 134 682 „Bis
150 603 277 680 Stygios
292 603 399 661 innare
414 602 510 675 lacus,
530 602 578 662 bis
593 603 681 676 nigra
695 602 802 661 videre

59 692 214 767 „Tartara
230 694 261 747 et
274 687 383 746 insano
399 685 483 746 iuvat
495 686 655 762 indulgere
669 680 787 754 laborm
969 692 1019 747 135

59 774 205 851 „Accipe
223 786 302 847 quae
316 770 495 846 peragenda
507 771 604 845 prius.
632 770 719 830 Latet
732 769 844 829 arbore
859 784 959 844 opaca

59 860 201 933 „Aureus
216 863 246 916 et
260 855 343 915 loliis
358 861 387 913 et
401 856 484 914 lento
498 855 612 914 vimine
625 870 739 928 ramus

59 942 188 1017 „lunoni
203 941 341 1001 infernae
357 940 457 999 dictus
474 954 580 1009 sacen
602 939 684 999 hunc
698 939 773 1013 tegit
787 937 887 999 omnis

58 1027 190 1102 „Lucus
208 1033 237 1085 et
252 1023 393 1084 obscuris
410 1025 555 1084 claudunt
567 1022 758 1086 convallibus
773 1022 908 1081 umbrae.

59 1109 143 1185 „Sed
158 1125 220 1169 non
235 1116 305 1168 ante
320 1110 409 1168 datur
422 1109 538 1168 telluris
554 1115 661 1184 operta
676 1107 791 1182 subire,
817 1128 823 1139 ·
970 1111 1021 1167 140

57 1193 264 1268 „Auricomos
280 1209 371 1267 quam
387 1192 440 1267 qui
456 1192 647 1268 decerpserit
661 1192 771 1251 arbore
786 1191 882 1251 letus=

59 1278 146 1353 „Hoc
161 1276 220 1336 sibi
235 1277 362 1350 pulchra
377 1291 467 1336 suum
482 1277 554 1335 ferri
568 1276 755 1352 Proserpina
768 1292 879 1336 munus

58 1361 219 1438 „Instituit
247 1359 346 1418 Primo
363 1361 473 1418 avulso
488 1375 550 1420 non
565 1360 668 1419 deficit
682 1362 758 1419 alter

59 1447 212 1519 „Aureus
228 1450 258 1502 ei
273 1443 363 1501 simili
378 1443 548 1502 frondescit
561 1444 650 1517 virga
663 1444 796 1502 metallo.

59 1528 160 1602 „Ergo
177 1527 237 1585 alte
252 1526 371 1600 vestiga
385 1527 494 1599 oculiS,
510 1527 608 1585 etrite
622 1533 776 1602 repertum
969 1536 1019 1589 145

60 1611 180 1685 „Carpe
194 1626 300 1668 mauu=
323 1624 455 1683 namque
470 1611 539 1684 ipse
552 1611 661 1669 volens
682 1611 844 1686 facilisque
866 1617 1018 1688 sequetur,

59 1695 113 1770 „si
127 1702 158 1753 te
173 1695 235 1753 lata
248 1700 377 1760 vocant;
399 1695 487 1752 aliter
500 1709 562 1753 non
577 1693 695 1754 viribus
709 1695 779 1755 ullis

59 1780 220 1854 „Vincere
237 1793 295 1836 nec
310 1778 387 1836 duro
401 1778 518 1853 poteris
534 1779 708 1838 convellere
723 1780 814 1838 11111.

59 1863 241 1938 „Praeterea
256 1863 334 1921 iacet
348 1861 523 1922 exanimum
536 1862 591 1922 tibi
605 1878 720 1938 corpus
735 1864 844 1921 amici·

59 1949 148 2024 „Heu
161 1946 317 2020 nescis!-,
338 1953 496 2022 totamque
511 1947 640 2006 incestat
655 1948 761 2007 lunere
776 1948 917 2024 classem,
969 1957 1020 2009 151

59 2033 158 2107 „Dum
174 2032 314 2092 consulta
329 2030 409 2106 petis
425 2037 594 2107 nostroque
608 2032 639 2089 in
654 2031 756 2090 limine
771 2031 899 2106 pendes.

51 2116 216 2191 „Sedibus
230 2116 313 2175 hunc
327 2115 409 2174 11111
424 2123 494 2176 ante
509 2117 575 2176 suis
590 2122 620 2175 et
634 2116 735 2176 conde
751 2116 904 2190 sepulcro.

60 2201 147 2273 „Duc
162 2201 265 2275 nigras
280 2200 435 2275 pecudes=
457 2216 496 2261 ea
509 2202 607 2276 prima
622 2201 744 2276 piaculo
762 2207 861 2259 sunto.

61 2283 133 2357 „Sic
149 2284 270 2342 demum
284 2286 372 2344 lucos
388 2284 495 2363 Stygis
511 2293 540 2344 et
554 2301 649 2359 regna
663 2284 746 2343 invia
761 2284 840 2345 vivis

61 2366 279 2440 „Adspicies.“
304 2369 395 2442 Dixit,
411 2384 585 2445 pressoque
601 2368 750 2428 obmutuit
765 2383 829 2428 111.
968 2380 1019 2433 155

104 2450 226 2510 Aeneas
241 2459 359 2511 maesto
374 2453 497 2513 defixus
512 2453 625 2512 lumina
638 2455 724 2513 vultu

60 2534 243 2609 Ingreditur,
258 2535 401 2608 linquens
416 2545 545 2611 antrum,
561 2553 736 2613 caecosque
749 2539 867 2598 volutat

58 2619 194 2678 Eventus
211 2618 312 2678 animo
328 2633 443 2680 secum.
473 2621 526 2681 Cui
541 2621 622 2682 fidus
637 2621 773 2683 Achates

59 2706 85 2762 lt
100 2718 204 2762 comes
219 2709 249 2762 et
263 2703 390 2778 paribus
406 2705 486 2765 curis
501 2706 632 2781 vestigia
646 2705 720 2781 figit.

58 2787 156 2847 Multa
170 2788 248 2847 inter
262 2803 334 2847 sese
348 2788 434 2847 vario
450 2804 592 2850 sermone
607 2790 758 2863 serebant,
966 2796 1018 2853 161

61 2872 156 2944 Quem
171 2874 289 2932 socium
305 2872 477 2933 exanimum
490 2881 585 2947 vates,
603 2874 687 2948 quod
703 2889 816 2947 corpus
831 2873 1017 2933 humandum

58 2955 191 3015 Diceret.
219 2959 322 3032 Atque
335 2957 379 3017 illi
393 2957 545 3017 Misenum
559 2959 590 3018 in
605 2958 692 3017 litore
708 2958 801 3030 sicco,

59 3040 101 3099 Ut
114 3055 237 3115 venere,
251 3041 357 3100 vident
370 3042 496 3116 indigna
509 3049 607 3101 morte
621 3048 798 3116 peremtum,

59 3123 212 3182 Misenum
225 3124 387 3199 Aeoliden,
404 3142 465 3201 quo
480 3142 543 3186 non
558 3127 762 3201 praestantior
776 3125 852 3183 alter

59 3214 143 3267 Aere
159 3208 238 3267 ciere
252 3209 347 3283 viros,
362 3209 552 3286 Martemque
566 3210 737 3269 accendere
752 3214 853 3268 cantu.
965 3215 1025 3267 tuh

59 3293 201 3352 Hectoris
215 3292 265 3351 hic
280 3294 381 3367 magni
396 3294 494 3354 luerat
509 3309 632 3365 eomes3
650 3293 798 3354 11111111
810 3292 938 3351 ducum

57 3378 96 3436 Et
108 3377 182 3435 lituo
192 3392 316 3452 prignas
329 3376 460 3453 insignis
477 3380 589 3443 obibat
603 3387 637 3442 ei
648 3380 760 3442 hasta.
