<?xml version="1.0" encoding="UTF-8"?>
<!DOCTYPE html PUBLIC "-//W3C//DTD XHTML 1.0 Transitional//EN"
    "http://www.w3.org/TR/xhtml1/DTD/xhtml1-transitional.dtd">
<html xmlns="http://www.w3.org/1999/xhtml" xml:lang="en" lang="en">
 <head>
  <title>
</title>
<meta http-equiv="Content-Type" content="text/html;charset=utf-8" />
  <meta name='ocr-system' content='tesseract 3.04.00' />
  <meta name='ocr-capabilities' content='ocr_page ocr_carea ocr_par ocr_line ocrx_word'/>
</head>
<body>
  <div class='ocr_page' id='page_1' title='image "./pvirgiliimaroni11virggoog/pvirgiliimaroni11virggoog_0769.png"; bbox 0 0 2326 3780; ppageno 0'>
   <div class='ocr_carea' id='block_1_1' title="bbox 89 182 789 265">
    <p class='ocr_par' dir='ltr' id='par_1_1' title="bbox 89 182 789 265">
     <span class='ocr_line' id='line_1_1' title="bbox 89 182 789 265; baseline 0.003 -9"><span class='ocrx_word' id='word_1_1' title='bbox 89 198 152 265; x_wconf 72' lang='lat' dir='ltr'>ets</span> <span class='ocrx_word' id='word_1_2' title='bbox 355 198 388 257; x_wconf 82' lang='lat' dir='ltr'>r.</span> <span class='ocrx_word' id='word_1_3' title='bbox 409 197 571 259; x_wconf 80' lang='lat' dir='ltr'>VIRGILli</span> <span class='ocrx_word' id='word_1_4' title='bbox 593 182 789 258; x_wconf 69' lang='lat' dir='ltr'>nianoms</span> 
     </span>
    </p>
   </div>
   <div class='ocr_carea' id='block_1_2' title="bbox 54 349 1075 3523">
    <p class='ocr_par' dir='ltr' id='par_1_2' title="bbox 91 349 919 429">
     <span class='ocr_line' id='line_1_2' title="bbox 91 349 919 429; baseline -0.002 -15"><span class='ocrx_word' id='word_1_5' title='bbox 91 354 236 429; x_wconf 84' lang='lat' dir='ltr'>Quisquis</span> <span class='ocrx_word' id='word_1_6' title='bbox 250 352 308 413; x_wconf 91' lang='lat' dir='ltr'>erit</span> <span class='ocrx_word' id='word_1_7' title='bbox 320 351 445 426; x_wconf 90' lang='lat' dir='ltr'>culpare</span> <span class='ocrx_word' id='word_1_8' title='bbox 460 350 546 409; x_wconf 92' lang='lat' dir='ltr'>iocos</span> <span class='ocrx_word' id='word_1_9' title='bbox 560 349 757 425; x_wconf 78' lang='lat' dir='ltr'>Musamque</span> <span class='ocrx_word' id='word_1_10' title='bbox 773 360 919 428; x_wconf 87' lang='lat' dir='ltr'>paratus,</span> 
     </span>
    </p>

    <p class='ocr_par' dir='ltr' id='par_1_3' title="bbox 89 434 845 508">
     <span class='ocr_line' id='line_1_3' title="bbox 89 434 845 508; baseline -0.004 -11"><span class='ocrx_word' id='word_1_11' title='bbox 89 438 229 499; x_wconf 90' lang='lat' dir='ltr'>Pondere</span> <span class='ocrx_word' id='word_1_12' title='bbox 243 438 292 497; x_wconf 91' lang='lat' dir='ltr'>vel</span> <span class='ocrx_word' id='word_1_13' title='bbox 308 434 419 495; x_wconf 89' lang='lat' dir='ltr'>Culicis</span> <span class='ocrx_word' id='word_1_14' title='bbox 433 435 530 494; x_wconf 86' lang='lat' dir='ltr'>levior</span> <span class='ocrx_word' id='word_1_15' title='bbox 543 434 692 508; x_wconf 80' lang='lat' dir='ltr'>famaque</span> <span class='ocrx_word' id='word_1_16' title='bbox 709 436 845 496; x_wconf 88' lang='lat' dir='ltr'>leretur.</span> 
     </span>
    </p>

    <p class='ocr_par' dir='ltr' id='par_1_4' title="bbox 89 504 1075 595">
     <span class='ocr_line' id='line_1_4' title="bbox 89 504 1075 595; baseline -0.001 -14"><span class='ocrx_word' id='word_1_17' title='bbox 89 521 247 581; x_wconf 81' lang='lat' dir='ltr'>Posterius</span> <span class='ocrx_word' id='word_1_18' title='bbox 261 518 402 595; x_wconf 82' lang='lat' dir='ltr'>graviore</span> <span class='ocrx_word' id='word_1_19' title='bbox 416 534 493 577; x_wconf 91' lang='lat' dir='ltr'>sono</span> <span class='ocrx_word' id='word_1_20' title='bbox 508 517 562 578; x_wconf 91' lang='lat' dir='ltr'>tibi</span> <span class='ocrx_word' id='word_1_21' title='bbox 575 518 668 576; x_wconf 89' lang='lat' dir='ltr'>Musa</span> <span class='ocrx_word' id='word_1_22' title='bbox 682 520 843 594; x_wconf 83' lang='lat' dir='ltr'>loquetur</span> <span class='ocrx_word' id='word_1_23' title='bbox 1068 504 1075 579; x_wconf 77' lang='lat' dir='ltr'>l</span> 
     </span>
    </p>

    <p class='ocr_par' dir='ltr' id='par_1_5' title="bbox 90 602 966 678">
     <span class='ocr_line' id='line_1_5' title="bbox 90 602 966 678; baseline -0.001 -13"><span class='ocrx_word' id='word_1_24' title='bbox 90 607 210 677; x_wconf 87' lang='lat' dir='ltr'>Nostra,</span> <span class='ocrx_word' id='word_1_25' title='bbox 226 604 340 663; x_wconf 88' lang='lat' dir='ltr'>dabunt</span> <span class='ocrx_word' id='word_1_26' title='bbox 354 617 423 663; x_wconf 91' lang='lat' dir='ltr'>cum</span> <span class='ocrx_word' id='word_1_27' title='bbox 438 617 565 660; x_wconf 88' lang='lat' dir='ltr'>securos</span> <span class='ocrx_word' id='word_1_28' title='bbox 580 602 654 660; x_wconf 93' lang='lat' dir='ltr'>mihi</span> <span class='ocrx_word' id='word_1_29' title='bbox 670 611 824 678; x_wconf 86' lang='lat' dir='ltr'>tempora</span> <span class='ocrx_word' id='word_1_30' title='bbox 839 606 966 677; x_wconf 83' lang='lat' dir='ltr'>fructus,</span> 
     </span>
    </p>

    <p class='ocr_par' dir='ltr' id='par_1_6' title="bbox 90 686 1043 846">
     <span class='ocr_line' id='line_1_6' title="bbox 90 686 1043 762; baseline -0.007 -12"><span class='ocrx_word' id='word_1_31' title='bbox 90 690 130 751; x_wconf 90' lang='lat' dir='ltr'>Ut</span> <span class='ocrx_word' id='word_1_32' title='bbox 143 688 198 749; x_wconf 91' lang='lat' dir='ltr'>tibi</span> <span class='ocrx_word' id='word_1_33' title='bbox 212 688 305 762; x_wconf 87' lang='lat' dir='ltr'>digna</span> <span class='ocrx_word' id='word_1_34' title='bbox 316 694 368 745; x_wconf 88' lang='lat' dir='ltr'>tuo</span> <span class='ocrx_word' id='word_1_35' title='bbox 384 686 536 761; x_wconf 92' lang='lat' dir='ltr'>poliantur</span> <span class='ocrx_word' id='word_1_36' title='bbox 549 686 686 745; x_wconf 87' lang='lat' dir='ltr'>earmina</span> <span class='ocrx_word' id='word_1_37' title='bbox 702 702 818 747; x_wconf 87' lang='lat' dir='ltr'>sensu.</span> <span class='ocrx_word' id='word_1_38' title='bbox 1022 694 1043 744; x_wconf 90' lang='lat' dir='ltr'>tt</span> 
     </span>
     <span class='ocr_line' id='line_1_7' title="bbox 133 770 926 846; baseline 0.001 -15"><span class='ocrx_word' id='word_1_39' title='bbox 133 773 268 833; x_wconf 77' lang='lat' dir='ltr'><strong>Latonae</strong></span> <span class='ocrx_word' id='word_1_40' title='bbox 282 770 446 844; x_wconf 79' lang='lat' dir='ltr'>magnique</span> <span class='ocrx_word' id='word_1_41' title='bbox 460 770 542 829; x_wconf 92' lang='lat' dir='ltr'>lovis</span> <span class='ocrx_word' id='word_1_42' title='bbox 560 770 666 841; x_wconf 81' lang='lat' dir='ltr'>decue,</span> <span class='ocrx_word' id='word_1_43' title='bbox 681 786 786 830; x_wconf 87' lang='lat' dir='ltr'>aurea</span> <span class='ocrx_word' id='word_1_44' title='bbox 800 772 926 846; x_wconf 90' lang='lat' dir='ltr'>proles,</span> 
     </span>
    </p>

    <p class='ocr_par' dir='ltr' id='par_1_7' title="bbox 90 853 924 928">
     <span class='ocr_line' id='line_1_8' title="bbox 90 853 924 928; baseline -0.002 -13"><span class='ocrx_word' id='word_1_45' title='bbox 90 855 232 915; x_wconf 90' lang='lat' dir='ltr'>Phoebus</span> <span class='ocrx_word' id='word_1_46' title='bbox 248 854 303 913; x_wconf 92' lang='lat' dir='ltr'>erit</span> <span class='ocrx_word' id='word_1_47' title='bbox 317 854 412 912; x_wconf 83' lang='lat' dir='ltr'>nostri</span> <span class='ocrx_word' id='word_1_48' title='bbox 426 853 569 928; x_wconf 89' lang='lat' dir='ltr'>princeps</span> <span class='ocrx_word' id='word_1_49' title='bbox 585 860 616 912; x_wconf 92' lang='lat' dir='ltr'>et</span> <span class='ocrx_word' id='word_1_50' title='bbox 630 855 781 914; x_wconf 87' lang='lat' dir='ltr'>carminis</span> <span class='ocrx_word' id='word_1_51' title='bbox 797 863 924 927; x_wconf 87' lang='lat' dir='ltr'>auctor,</span> 
     </span>
    </p>

    <p class='ocr_par' dir='ltr' id='par_1_8' title="bbox 90 937 810 1015">
     <span class='ocr_line' id='line_1_9' title="bbox 90 937 810 1015; baseline -0.001 -17"><span class='ocrx_word' id='word_1_52' title='bbox 90 939 128 998; x_wconf 87' lang='lat' dir='ltr'>Et</span> <span class='ocrx_word' id='word_1_53' title='bbox 140 940 294 998; x_wconf 81' lang='lat' dir='ltr'>recinente</span> <span class='ocrx_word' id='word_1_54' title='bbox 308 939 375 1015; x_wconf 82' lang='lat' dir='ltr'>lyra</span> <span class='ocrx_word' id='word_1_55' title='bbox 389 937 495 1011; x_wconf 81' lang='lat' dir='ltr'>fautor,</span> <span class='ocrx_word' id='word_1_56' title='bbox 510 938 577 996; x_wconf 89' lang='lat' dir='ltr'>sive</span> <span class='ocrx_word' id='word_1_57' title='bbox 592 938 704 995; x_wconf 88' lang='lat' dir='ltr'>educat</span> <span class='ocrx_word' id='word_1_58' title='bbox 719 939 810 998; x_wconf 92' lang='lat' dir='ltr'>illum</span> 
     </span>
    </p>

    <p class='ocr_par' dir='ltr' id='par_1_9' title="bbox 90 1021 773 1096">
     <span class='ocr_line' id='line_1_10' title="bbox 90 1021 773 1096; baseline -0.001 -15"><span class='ocrx_word' id='word_1_59' title='bbox 90 1026 169 1082; x_wconf 87' lang='lat' dir='ltr'>Acta</span> <span class='ocrx_word' id='word_1_60' title='bbox 184 1022 359 1081; x_wconf 88' lang='lat' dir='ltr'>Chimacreo</span> <span class='ocrx_word' id='word_1_61' title='bbox 373 1021 484 1081; x_wconf 89' lang='lat' dir='ltr'>Xanthi</span> <span class='ocrx_word' id='word_1_62' title='bbox 499 1022 623 1096; x_wconf 89' lang='lat' dir='ltr'>perlusa</span> <span class='ocrx_word' id='word_1_63' title='bbox 637 1021 773 1096; x_wconf 91' lang='lat' dir='ltr'>liquore,</span> 
     </span>
    </p>

    <p class='ocr_par' dir='ltr' id='par_1_10' title="bbox 93 1103 1043 1181">
     <span class='ocr_line' id='line_1_11' title="bbox 93 1103 1043 1181; baseline -0.002 -15"><span class='ocrx_word' id='word_1_64' title='bbox 93 1106 155 1166; x_wconf 89' lang='lat' dir='ltr'>Seu</span> <span class='ocrx_word' id='word_1_65' title='bbox 171 1107 267 1165; x_wconf 91' lang='lat' dir='ltr'>decus</span> <span class='ocrx_word' id='word_1_66' title='bbox 280 1105 430 1177; x_wconf 82' lang='lat' dir='ltr'>Asteriae,</span> <span class='ocrx_word' id='word_1_67' title='bbox 446 1120 500 1164; x_wconf 89' lang='lat' dir='ltr'>seu</span> <span class='ocrx_word' id='word_1_68' title='bbox 516 1121 577 1179; x_wconf 87' lang='lat' dir='ltr'>qua</span> <span class='ocrx_word' id='word_1_69' title='bbox 590 1103 741 1163; x_wconf 87' lang='lat' dir='ltr'>Parnasia</span> <span class='ocrx_word' id='word_1_70' title='bbox 756 1122 860 1181; x_wconf 90' lang='lat' dir='ltr'>rupes</span> <span class='ocrx_word' id='word_1_71' title='bbox 1021 1112 1043 1165; x_wconf 83' lang='lat'>15</span> 
     </span>
    </p>

    <p class='ocr_par' dir='ltr' id='par_1_11' title="bbox 91 1188 939 1265">
     <span class='ocr_line' id='line_1_12' title="bbox 91 1188 939 1265; baseline 0.004 -18"><span class='ocrx_word' id='word_1_72' title='bbox 91 1190 167 1248; x_wconf 90' lang='lat' dir='ltr'>Hinc</span> <span class='ocrx_word' id='word_1_73' title='bbox 183 1196 273 1263; x_wconf 91' lang='lat' dir='ltr'>atque</span> <span class='ocrx_word' id='word_1_74' title='bbox 286 1188 356 1246; x_wconf 87' lang='lat' dir='ltr'>hinc</span> <span class='ocrx_word' id='word_1_75' title='bbox 371 1189 474 1263; x_wconf 86' lang='lat' dir='ltr'>patula</span> <span class='ocrx_word' id='word_1_76' title='bbox 489 1189 670 1264; x_wconf 83' lang='lat' dir='ltr'>praepandit</span> <span class='ocrx_word' id='word_1_77' title='bbox 684 1204 807 1249; x_wconf 90' lang='lat' dir='ltr'>cornua</span> <span class='ocrx_word' id='word_1_78' title='bbox 823 1191 939 1265; x_wconf 81' lang='lat' dir='ltr'>fronte,</span> 
     </span>
    </p>

    <p class='ocr_par' dir='ltr' id='par_1_12' title="bbox 93 1272 909 1347">
     <span class='ocr_line' id='line_1_13' title="bbox 93 1272 909 1347; baseline 0.002 -17"><span class='ocrx_word' id='word_1_79' title='bbox 93 1272 303 1345; x_wconf 83' lang='lat' dir='ltr'>Castaliaeque</span> <span class='ocrx_word' id='word_1_80' title='bbox 318 1287 433 1332; x_wconf 91' lang='lat' dir='ltr'>sonans</span> <span class='ocrx_word' id='word_1_81' title='bbox 448 1272 564 1347; x_wconf 89' lang='lat' dir='ltr'>liquido</span> <span class='ocrx_word' id='word_1_82' title='bbox 579 1273 660 1347; x_wconf 91' lang='lat' dir='ltr'>pede</span> <span class='ocrx_word' id='word_1_83' title='bbox 674 1272 791 1332; x_wconf 89' lang='lat' dir='ltr'>labitur</span> <span class='ocrx_word' id='word_1_84' title='bbox 806 1275 909 1334; x_wconf 91' lang='lat' dir='ltr'>unda.</span> 
     </span>
    </p>

    <p class='ocr_par' dir='ltr' id='par_1_13' title="bbox 92 1354 739 1430">
     <span class='ocr_line' id='line_1_14' title="bbox 92 1354 739 1430; baseline 0 -16"><span class='ocrx_word' id='word_1_85' title='bbox 92 1355 199 1430; x_wconf 84' lang='lat' dir='ltr'>Quare,</span> <span class='ocrx_word' id='word_1_86' title='bbox 212 1354 301 1414; x_wconf 89' lang='lat' dir='ltr'>Pierii</span> <span class='ocrx_word' id='word_1_87' title='bbox 315 1356 412 1416; x_wconf 90' lang='lat' dir='ltr'>laticis</span> <span class='ocrx_word' id='word_1_88' title='bbox 428 1357 531 1429; x_wconf 87' lang='lat' dir='ltr'>decus,</span> <span class='ocrx_word' id='word_1_89' title='bbox 546 1356 595 1429; x_wconf 90' lang='lat' dir='ltr'>ite,</span> <span class='ocrx_word' id='word_1_90' title='bbox 610 1371 739 1417; x_wconf 90' lang='lat' dir='ltr'>sorores</span> 
     </span>
    </p>

    <p class='ocr_par' dir='ltr' id='par_1_14' title="bbox 90 1438 829 1513">
     <span class='ocr_line' id='line_1_15' title="bbox 90 1438 829 1513; baseline 0.004 -16"><span class='ocrx_word' id='word_1_91' title='bbox 90 1438 231 1513; x_wconf 76' lang='lat' dir='ltr'>NaiadeS,</span> <span class='ocrx_word' id='word_1_92' title='bbox 247 1447 277 1499; x_wconf 93' lang='lat' dir='ltr'>et</span> <span class='ocrx_word' id='word_1_93' title='bbox 292 1441 442 1500; x_wconf 89' lang='lat' dir='ltr'>celebrate</span> <span class='ocrx_word' id='word_1_94' title='bbox 456 1441 547 1500; x_wconf 91' lang='lat' dir='ltr'>deum</span> <span class='ocrx_word' id='word_1_95' title='bbox 560 1440 682 1500; x_wconf 91' lang='lat' dir='ltr'>ludente</span> <span class='ocrx_word' id='word_1_96' title='bbox 697 1440 829 1500; x_wconf 89' lang='lat' dir='ltr'>chorea.</span> 
     </span>
    </p>

    <p class='ocr_par' dir='ltr' id='par_1_15' title="bbox 91 1524 1043 1599">
     <span class='ocr_line' id='line_1_16' title="bbox 91 1524 1043 1599; baseline 0.004 -17"><span class='ocrx_word' id='word_1_97' title='bbox 91 1524 129 1590; x_wconf 80' lang='lat' dir='ltr'>Et</span> <span class='ocrx_word' id='word_1_98' title='bbox 141 1530 174 1583; x_wconf 92' lang='lat' dir='ltr'>tu</span> <span class='ocrx_word' id='word_1_99' title='bbox 189 1532 295 1583; x_wconf 88' lang='lat' dir='ltr'>sancta</span> <span class='ocrx_word' id='word_1_100' title='bbox 307 1524 405 1599; x_wconf 90' lang='lat' dir='ltr'>Pales,</span> <span class='ocrx_word' id='word_1_101' title='bbox 421 1525 461 1584; x_wconf 91' lang='lat' dir='ltr'>ad</span> <span class='ocrx_word' id='word_1_102' title='bbox 477 1540 567 1598; x_wconf 89' lang='lat' dir='ltr'>quam</span> <span class='ocrx_word' id='word_1_103' title='bbox 581 1532 709 1583; x_wconf 86' lang='lat' dir='ltr'>ventura</span> <span class='ocrx_word' id='word_1_104' title='bbox 722 1526 862 1585; x_wconf 89' lang='lat' dir='ltr'>recurrit</span> <span class='ocrx_word' id='word_1_105' title='bbox 1019 1534 1043 1585; x_wconf 79' lang='lat' dir='ltr'>it</span> 
     </span>
    </p>

    <p class='ocr_par' dir='ltr' id='par_1_16' title="bbox 91 1607 937 1683">
     <span class='ocr_line' id='line_1_17' title="bbox 91 1607 937 1683; baseline 0.004 -17"><span class='ocrx_word' id='word_1_106' title='bbox 91 1611 254 1683; x_wconf 86' lang='lat' dir='ltr'>Agrestum</span> <span class='ocrx_word' id='word_1_107' title='bbox 267 1608 349 1668; x_wconf 88' lang='lat' dir='ltr'>bona</span> <span class='ocrx_word' id='word_1_108' title='bbox 364 1625 442 1679; x_wconf 90' lang='lat' dir='ltr'>sors,</span> <span class='ocrx_word' id='word_1_109' title='bbox 460 1609 486 1668; x_wconf 93' lang='lat' dir='ltr'>si</span> <span class='ocrx_word' id='word_1_110' title='bbox 501 1625 561 1682; x_wconf 88' lang='lat' dir='ltr'>qua</span> <span class='ocrx_word' id='word_1_111' title='bbox 574 1616 621 1668; x_wconf 91' lang='lat' dir='ltr'>est</span> <span class='ocrx_word' id='word_1_112' title='bbox 634 1607 688 1668; x_wconf 89' lang='lat' dir='ltr'>tibi</span> <span class='ocrx_word' id='word_1_113' title='bbox 703 1624 780 1668; x_wconf 89' lang='lat' dir='ltr'>cura</span> <span class='ocrx_word' id='word_1_114' title='bbox 794 1610 937 1669; x_wconf 90' lang='lat' dir='ltr'>tenentis</span> 
     </span>
    </p>

    <p class='ocr_par' dir='ltr' id='par_1_17' title="bbox 92 1692 827 1766">
     <span class='ocr_line' id='line_1_18' title="bbox 92 1692 827 1766; baseline -0.001 -16"><span class='ocrx_word' id='word_1_115' title='bbox 92 1692 202 1751; x_wconf 73' lang='lat' dir='ltr'>Aerios</span> <span class='ocrx_word' id='word_1_116' title='bbox 218 1707 375 1752; x_wconf 90' lang='lat' dir='ltr'>nemorum</span> <span class='ocrx_word' id='word_1_117' title='bbox 389 1694 484 1761; x_wconf 82' lang='lat' dir='ltr'>saltus</span> <span class='ocrx_word' id='word_1_118' title='bbox 500 1693 656 1766; x_wconf 89' lang='lat' dir='ltr'>silvasque</span> <span class='ocrx_word' id='word_1_119' title='bbox 669 1692 827 1752; x_wconf 81' lang='lat' dir='ltr'>virentes=</span> 
     </span>
    </p>

    <p class='ocr_par' dir='ltr' id='par_1_18' title="bbox 92 1776 839 1936">
     <span class='ocr_line' id='line_1_19' title="bbox 92 1776 839 1851; baseline 0.003 -18"><span class='ocrx_word' id='word_1_120' title='bbox 92 1776 133 1834; x_wconf 91' lang='lat' dir='ltr'>Te</span> <span class='ocrx_word' id='word_1_121' title='bbox 149 1776 271 1836; x_wconf 91' lang='lat' dir='ltr'>cultrice</span> <span class='ocrx_word' id='word_1_122' title='bbox 284 1792 383 1851; x_wconf 86' lang='lat' dir='ltr'>vagus</span> <span class='ocrx_word' id='word_1_123' title='bbox 399 1778 494 1836; x_wconf 86' lang='lat' dir='ltr'>saltus</span> <span class='ocrx_word' id='word_1_124' title='bbox 509 1776 591 1836; x_wconf 88' lang='lat' dir='ltr'>leror</span> <span class='ocrx_word' id='word_1_125' title='bbox 603 1776 681 1836; x_wconf 90' lang='lat' dir='ltr'>inter</span> <span class='ocrx_word' id='word_1_126' title='bbox 695 1784 725 1835; x_wconf 93' lang='lat' dir='ltr'>et</span> <span class='ocrx_word' id='word_1_127' title='bbox 739 1784 839 1837; x_wconf 88' lang='lat' dir='ltr'>astra.</span> 
     </span>
     <span class='ocr_line' id='line_1_20' title="bbox 133 1859 793 1936; baseline 0.005 -19"><span class='ocrx_word' id='word_1_128' title='bbox 133 1859 170 1918; x_wconf 86' lang='lat' dir='ltr'>Et</span> <span class='ocrx_word' id='word_1_129' title='bbox 183 1866 224 1934; x_wconf 91' lang='lat' dir='ltr'>tu,</span> <span class='ocrx_word' id='word_1_130' title='bbox 241 1860 288 1918; x_wconf 91' lang='lat' dir='ltr'>cui</span> <span class='ocrx_word' id='word_1_131' title='bbox 303 1860 417 1920; x_wconf 92' lang='lat' dir='ltr'>meritis</span> <span class='ocrx_word' id='word_1_132' title='bbox 433 1860 527 1920; x_wconf 87' lang='lat' dir='ltr'>oritur</span> <span class='ocrx_word' id='word_1_133' title='bbox 540 1860 652 1921; x_wconf 85' lang='lat' dir='ltr'>fidncia</span> <span class='ocrx_word' id='word_1_134' title='bbox 666 1860 793 1936; x_wconf 91' lang='lat' dir='ltr'>chartis,</span> 
     </span>
    </p>

    <p class='ocr_par' dir='ltr' id='par_1_19' title="bbox 93 1942 1046 2025">
     <span class='ocr_line' id='line_1_21' title="bbox 93 1942 1046 2025; baseline 0.006 -24"><span class='ocrx_word' id='word_1_135' title='bbox 93 1942 199 2025; x_wconf 74' lang='lat' dir='ltr'>Octavi</span> <span class='ocrx_word' id='word_1_136' title='bbox 214 1943 395 2016; x_wconf 89' lang='lat' dir='ltr'>venerande,</span> <span class='ocrx_word' id='word_1_137' title='bbox 410 1945 487 2004; x_wconf 90' lang='lat' dir='ltr'>meis</span> <span class='ocrx_word' id='word_1_138' title='bbox 502 1942 633 2005; x_wconf 89' lang='lat' dir='ltr'>allabere</span> <span class='ocrx_word' id='word_1_139' title='bbox 648 1945 779 2020; x_wconf 86' lang='lat' dir='ltr'>coeptis,</span> <span class='ocrx_word' id='word_1_140' title='bbox 1020 1954 1046 2007; x_wconf 76' lang='lat' dir='ltr'>it</span> 
     </span>
    </p>

    <p class='ocr_par' dir='ltr' id='par_1_20' title="bbox 92 2025 977 2107">
     <span class='ocr_line' id='line_1_22' title="bbox 92 2025 977 2107; baseline 0.007 -22"><span class='ocrx_word' id='word_1_141' title='bbox 92 2025 203 2086; x_wconf 87' lang='lat' dir='ltr'>Sancte</span> <span class='ocrx_word' id='word_1_142' title='bbox 218 2043 307 2101; x_wconf 70' lang='lat' dir='ltr'>pueri</span> <span class='ocrx_word' id='word_1_143' title='bbox 329 2028 382 2086; x_wconf 92' lang='lat' dir='ltr'>tibi</span> <span class='ocrx_word' id='word_1_144' title='bbox 397 2044 528 2102; x_wconf 89' lang='lat' dir='ltr'>namque</span> <span class='ocrx_word' id='word_1_145' title='bbox 543 2028 623 2089; x_wconf 89' lang='lat' dir='ltr'>canit</span> <span class='ocrx_word' id='word_1_146' title='bbox 635 2045 697 2088; x_wconf 93' lang='lat' dir='ltr'>non</span> <span class='ocrx_word' id='word_1_147' title='bbox 712 2029 830 2104; x_wconf 83' lang='lat' dir='ltr'>pagina</span> <span class='ocrx_word' id='word_1_148' title='bbox 844 2028 977 2107; x_wconf 89' lang='lat' dir='ltr'>bellum,</span> 
     </span>
    </p>

    <p class='ocr_par' dir='ltr' id='par_1_21' title="bbox 91 2108 944 2187">
     <span class='ocr_line' id='line_1_23' title="bbox 91 2108 944 2187; baseline 0.009 -19"><span class='ocrx_word' id='word_1_149' title='bbox 91 2108 220 2184; x_wconf 78' lang='lat' dir='ltr'>Phlegra</span> <span class='ocrx_word' id='word_1_150' title='bbox 232 2110 377 2185; x_wconf 87' lang='lat' dir='ltr'>Giganteo</span> <span class='ocrx_word' id='word_1_151' title='bbox 394 2128 503 2187; x_wconf 89' lang='lat' dir='ltr'>sparsa</span> <span class='ocrx_word' id='word_1_152' title='bbox 517 2120 565 2172; x_wconf 92' lang='lat' dir='ltr'>est</span> <span class='ocrx_word' id='word_1_153' title='bbox 579 2130 639 2187; x_wconf 92' lang='lat' dir='ltr'>quo</span> <span class='ocrx_word' id='word_1_154' title='bbox 655 2112 809 2187; x_wconf 88' lang='lat' dir='ltr'>sanguine</span> <span class='ocrx_word' id='word_1_155' title='bbox 823 2115 944 2187; x_wconf 85' lang='lat' dir='ltr'>tellus;</span> 
     </span>
    </p>

    <p class='ocr_par' dir='ltr' id='par_1_22' title="bbox 91 2192 854 2271">
     <span class='ocr_line' id='line_1_24' title="bbox 91 2192 854 2271; baseline 0.005 -19"><span class='ocrx_word' id='word_1_156' title='bbox 91 2192 153 2253; x_wconf 89' lang='lat' dir='ltr'>Nec</span> <span class='ocrx_word' id='word_1_157' title='bbox 168 2193 352 2255; x_wconf 77' lang='lat' dir='ltr'>Centaureos</span> <span class='ocrx_word' id='word_1_158' title='bbox 365 2195 510 2271; x_wconf 89' lang='lat' dir='ltr'>Lapithas</span> <span class='ocrx_word' id='word_1_159' title='bbox 526 2196 679 2271; x_wconf 91' lang='lat' dir='ltr'>compellit</span> <span class='ocrx_word' id='word_1_160' title='bbox 692 2196 724 2254; x_wconf 92' lang='lat' dir='ltr'>in</span> <span class='ocrx_word' id='word_1_161' title='bbox 738 2211 854 2267; x_wconf 75' lang='lat' dir='ltr'>enses3</span> 
     </span>
    </p>

    <p class='ocr_par' dir='ltr' id='par_1_23' title="bbox 90 2276 834 2355">
     <span class='ocr_line' id='line_1_25' title="bbox 90 2276 834 2355; baseline 0.003 -18"><span class='ocrx_word' id='word_1_162' title='bbox 90 2276 157 2337; x_wconf 84' lang='lat' dir='ltr'>Urit</span> <span class='ocrx_word' id='word_1_163' title='bbox 169 2276 382 2338; x_wconf 84' lang='lat' dir='ltr'>Erichthonius</span> <span class='ocrx_word' id='word_1_164' title='bbox 399 2278 505 2339; x_wconf 89' lang='lat' dir='ltr'>Oriens</span> <span class='ocrx_word' id='word_1_165' title='bbox 520 2295 581 2339; x_wconf 92' lang='lat' dir='ltr'>non</span> <span class='ocrx_word' id='word_1_166' title='bbox 596 2279 715 2355; x_wconf 79' lang='lat' dir='ltr'>ignibus</span> <span class='ocrx_word' id='word_1_167' title='bbox 731 2295 834 2354; x_wconf 89' lang='lat' dir='ltr'>arces,</span> 
     </span>
    </p>

    <p class='ocr_par' dir='ltr' id='par_1_24' title="bbox 90 2358 1049 2439">
     <span class='ocr_line' id='line_1_26' title="bbox 90 2358 1049 2439; baseline 0.011 -22"><span class='ocrx_word' id='word_1_168' title='bbox 90 2358 154 2419; x_wconf 87' lang='lat' dir='ltr'>Nec</span> <span class='ocrx_word' id='word_1_169' title='bbox 168 2362 328 2435; x_wconf 84' lang='lat' dir='ltr'>perfossus</span> <span class='ocrx_word' id='word_1_170' title='bbox 343 2363 441 2423; x_wconf 85' lang='lat' dir='ltr'>Athos</span> <span class='ocrx_word' id='word_1_171' title='bbox 455 2378 512 2423; x_wconf 91' lang='lat' dir='ltr'>nec</span> <span class='ocrx_word' id='word_1_172' title='bbox 526 2378 636 2439; x_wconf 85' lang='lat' dir='ltr'>magno</span> <span class='ocrx_word' id='word_1_173' title='bbox 652 2364 773 2423; x_wconf 85' lang='lat' dir='ltr'>vincula</span> <span class='ocrx_word' id='word_1_174' title='bbox 787 2362 895 2424; x_wconf 92' lang='lat' dir='ltr'>Ponto</span> <span class='ocrx_word' id='word_1_175' title='bbox 1023 2376 1049 2428; x_wconf 84' lang='lat' dir='ltr'>at</span> 
     </span>
    </p>

    <p class='ocr_par' dir='ltr' id='par_1_25' title="bbox 90 2442 910 2519">
     <span class='ocr_line' id='line_1_27' title="bbox 90 2442 910 2519; baseline 0.01 -20"><span class='ocrx_word' id='word_1_176' title='bbox 90 2442 184 2502; x_wconf 89' lang='lat' dir='ltr'>Lecta</span> <span class='ocrx_word' id='word_1_177' title='bbox 196 2460 266 2505; x_wconf 90' lang='lat' dir='ltr'>meo</span> <span class='ocrx_word' id='word_1_178' title='bbox 284 2454 430 2519; x_wconf 90' lang='lat' dir='ltr'>quaerent</span> <span class='ocrx_word' id='word_1_179' title='bbox 443 2446 503 2505; x_wconf 88' lang='lat' dir='ltr'>iam</span> <span class='ocrx_word' id='word_1_180' title='bbox 517 2462 587 2507; x_wconf 88' lang='lat' dir='ltr'>seru</span> <span class='ocrx_word' id='word_1_181' title='bbox 601 2447 755 2507; x_wconf 91' lang='lat' dir='ltr'>volumine</span> <span class='ocrx_word' id='word_1_182' title='bbox 769 2448 910 2519; x_wconf 86' lang='lat' dir='ltr'>lamam;</span> 
     </span>
    </p>

    <p class='ocr_par' dir='ltr' id='par_1_26' title="bbox 90 2524 867 2605">
     <span class='ocr_line' id='line_1_28' title="bbox 90 2524 867 2605; baseline 0.008 -22"><span class='ocrx_word' id='word_1_183' title='bbox 90 2524 157 2585; x_wconf 89' lang='lat' dir='ltr'>Non</span> <span class='ocrx_word' id='word_1_184' title='bbox 171 2526 388 2604; x_wconf 88' lang='lat' dir='ltr'>Hellespontus</span> <span class='ocrx_word' id='word_1_185' title='bbox 403 2530 533 2605; x_wconf 90' lang='lat' dir='ltr'>pedibus</span> <span class='ocrx_word' id='word_1_186' title='bbox 549 2531 687 2605; x_wconf 88' lang='lat' dir='ltr'>pulsatus</span> <span class='ocrx_word' id='word_1_187' title='bbox 702 2545 867 2605; x_wconf 88' lang='lat' dir='ltr'>equorum,</span> 
     </span>
    </p>

    <p class='ocr_par' dir='ltr' id='par_1_27' title="bbox 92 2609 884 2688">
     <span class='ocr_line' id='line_1_29' title="bbox 92 2609 884 2688; baseline 0.006 -19"><span class='ocrx_word' id='word_1_188' title='bbox 92 2609 219 2669; x_wconf 88' lang='lat' dir='ltr'>Graecia</span> <span class='ocrx_word' id='word_1_189' title='bbox 234 2627 301 2670; x_wconf 90' lang='lat' dir='ltr'>cum</span> <span class='ocrx_word' id='word_1_190' title='bbox 314 2613 411 2674; x_wconf 92' lang='lat' dir='ltr'>timuit</span> <span class='ocrx_word' id='word_1_191' title='bbox 424 2613 582 2674; x_wconf 90' lang='lat' dir='ltr'>venientes</span> <span class='ocrx_word' id='word_1_192' title='bbox 597 2615 732 2688; x_wconf 90' lang='lat' dir='ltr'>undique</span> <span class='ocrx_word' id='word_1_193' title='bbox 749 2613 884 2685; x_wconf 85' lang='lat' dir='ltr'>Persas;</span> 
     </span>
    </p>

    <p class='ocr_par' dir='ltr' id='par_1_28' title="bbox 90 2680 810 2769">
     <span class='ocr_line' id='line_1_30' title="bbox 90 2680 810 2769; baseline 0.006 -17"><span class='ocrx_word' id='word_1_194' title='bbox 90 2680 195 2753; x_wconf 82' lang='lat' dir='ltr'>Mollia</span> <span class='ocrx_word' id='word_1_195' title='bbox 209 2696 265 2754; x_wconf 92' lang='lat' dir='ltr'>sed</span> <span class='ocrx_word' id='word_1_196' title='bbox 280 2697 363 2755; x_wconf 90' lang='lat' dir='ltr'>tenui</span> <span class='ocrx_word' id='word_1_197' title='bbox 378 2697 544 2757; x_wconf 86' lang='lat' dir='ltr'>decurrens</span> <span class='ocrx_word' id='word_1_198' title='bbox 560 2697 694 2757; x_wconf 85' lang='lat' dir='ltr'>carmina</span> <span class='ocrx_word' id='word_1_199' title='bbox 707 2712 810 2769; x_wconf 82' lang='lat' dir='ltr'>versu,</span> 
     </span>
    </p>

    <p class='ocr_par' dir='ltr' id='par_1_29' title="bbox 90 2776 1053 2855">
     <span class='ocr_line' id='line_1_31' title="bbox 90 2776 1053 2855; baseline 0.006 -19"><span class='ocrx_word' id='word_1_200' title='bbox 90 2776 215 2839; x_wconf 90' lang='lat' dir='ltr'>Viribus</span> <span class='ocrx_word' id='word_1_201' title='bbox 230 2785 301 2854; x_wconf 88' lang='lat' dir='ltr'>apta</span> <span class='ocrx_word' id='word_1_202' title='bbox 316 2780 389 2855; x_wconf 80' lang='lat' dir='ltr'>suia,</span> <span class='ocrx_word' id='word_1_203' title='bbox 403 2780 526 2841; x_wconf 92' lang='lat' dir='ltr'>Phoebo</span> <span class='ocrx_word' id='word_1_204' title='bbox 542 2781 628 2854; x_wconf 88' lang='lat' dir='ltr'>duce,</span> <span class='ocrx_word' id='word_1_205' title='bbox 644 2780 749 2840; x_wconf 92' lang='lat' dir='ltr'>ludere</span> <span class='ocrx_word' id='word_1_206' title='bbox 764 2781 893 2854; x_wconf 88' lang='lat' dir='ltr'>gaudet.</span> <span class='ocrx_word' id='word_1_207' title='bbox 1025 2796 1053 2850; x_wconf 73' lang='lat'>35</span> 
     </span>
    </p>

    <p class='ocr_par' dir='ltr' id='par_1_30' title="bbox 89 2860 903 2939">
     <span class='ocr_line' id='line_1_32' title="bbox 89 2860 903 2939; baseline 0.005 -16"><span class='ocrx_word' id='word_1_208' title='bbox 89 2862 127 2923; x_wconf 84' lang='lat' dir='ltr'>Et</span> <span class='ocrx_word' id='word_1_209' title='bbox 138 2860 202 2936; x_wconf 90' lang='lat' dir='ltr'>tibi,</span> <span class='ocrx_word' id='word_1_210' title='bbox 217 2870 321 2922; x_wconf 90' lang='lat' dir='ltr'>sancte</span> <span class='ocrx_word' id='word_1_211' title='bbox 336 2880 420 2939; x_wconf 88' lang='lat' dir='ltr'>puer,</span> <span class='ocrx_word' id='word_1_212' title='bbox 436 2863 664 2925; x_wconf 88' lang='lat' dir='ltr'>memorabitnr=</span> <span class='ocrx_word' id='word_1_213' title='bbox 687 2872 717 2923; x_wconf 89' lang='lat' dir='ltr'>et</span> <span class='ocrx_word' id='word_1_214' title='bbox 730 2864 784 2922; x_wconf 91' lang='lat' dir='ltr'>tibi</span> <span class='ocrx_word' id='word_1_215' title='bbox 798 2872 903 2927; x_wconf 90' lang='lat' dir='ltr'>certet</span> 
     </span>
    </p>

    <p class='ocr_par' dir='ltr' id='par_1_31' title="bbox 91 2945 886 3023">
     <span class='ocr_line' id='line_1_33' title="bbox 91 2945 886 3023; baseline 0.006 -20"><span class='ocrx_word' id='word_1_216' title='bbox 91 2945 194 3005; x_wconf 89' lang='lat' dir='ltr'>Gloria</span> <span class='ocrx_word' id='word_1_217' title='bbox 207 2954 386 3022; x_wconf 89' lang='lat' dir='ltr'>perpetuum</span> <span class='ocrx_word' id='word_1_218' title='bbox 400 2948 515 3019; x_wconf 88' lang='lat' dir='ltr'>lucens,</span> <span class='ocrx_word' id='word_1_219' title='bbox 530 2963 674 3009; x_wconf 85' lang='lat' dir='ltr'>mansura</span> <span class='ocrx_word' id='word_1_220' title='bbox 689 2964 745 3023; x_wconf 91' lang='lat' dir='ltr'>per</span> <span class='ocrx_word' id='word_1_221' title='bbox 760 2964 886 3008; x_wconf 91' lang='lat' dir='ltr'>aevum.</span> 
     </span>
    </p>

    <p class='ocr_par' dir='ltr' id='par_1_32' title="bbox 88 3028 838 3107">
     <span class='ocr_line' id='line_1_34' title="bbox 88 3028 838 3107; baseline 0.005 -20"><span class='ocrx_word' id='word_1_222' title='bbox 88 3028 127 3088; x_wconf 88' lang='lat' dir='ltr'>Et</span> <span class='ocrx_word' id='word_1_223' title='bbox 139 3030 192 3088; x_wconf 91' lang='lat' dir='ltr'>tibi</span> <span class='ocrx_word' id='word_1_224' title='bbox 207 3032 283 3090; x_wconf 91' lang='lat' dir='ltr'>sede</span> <span class='ocrx_word' id='word_1_225' title='bbox 299 3032 350 3106; x_wconf 87' lang='lat' dir='ltr'>pia</span> <span class='ocrx_word' id='word_1_226' title='bbox 363 3039 483 3091; x_wconf 86' lang='lat' dir='ltr'>maneat</span> <span class='ocrx_word' id='word_1_227' title='bbox 497 3032 592 3104; x_wconf 78' lang='lat' dir='ltr'>loona,</span> <span class='ocrx_word' id='word_1_228' title='bbox 609 3041 639 3091; x_wconf 90' lang='lat' dir='ltr'>et</span> <span class='ocrx_word' id='word_1_229' title='bbox 652 3031 705 3091; x_wconf 89' lang='lat' dir='ltr'>tibi</span> <span class='ocrx_word' id='word_1_230' title='bbox 721 3047 838 3107; x_wconf 92' lang='lat' dir='ltr'>sospes</span> 
     </span>
    </p>

    <p class='ocr_par' dir='ltr' id='par_1_33' title="bbox 88 3112 775 3191">
     <span class='ocr_line' id='line_1_35' title="bbox 88 3112 775 3191; baseline 0.006 -20"><span class='ocrx_word' id='word_1_231' title='bbox 88 3112 196 3173; x_wconf 88' lang='lat' dir='ltr'>Debita</span> <span class='ocrx_word' id='word_1_232' title='bbox 211 3114 315 3174; x_wconf 80' lang='lat' dir='ltr'>felices</span> <span class='ocrx_word' id='word_1_233' title='bbox 331 3123 505 3175; x_wconf 87' lang='lat' dir='ltr'>numeretur</span> <span class='ocrx_word' id='word_1_234' title='bbox 520 3116 581 3175; x_wconf 84' lang='lat' dir='ltr'>vita</span> <span class='ocrx_word' id='word_1_235' title='bbox 595 3132 775 3191; x_wconf 68' lang='lat' dir='ltr'>perennes</span> 
     </span>
    </p>

    <p class='ocr_par' dir='ltr' id='par_1_34' title="bbox 54 3194 1058 3275">
     <span class='ocr_line' id='line_1_36' title="bbox 54 3194 1058 3275; baseline 0.01 -21"><span class='ocrx_word' id='word_1_236' title='bbox 54 3256 60 3267; x_wconf 68' lang='grc'>,</span> <span class='ocrx_word' id='word_1_237' title='bbox 89 3194 188 3271; x_wconf 87' lang='lat' dir='ltr'>Grata,</span> <span class='ocrx_word' id='word_1_238' title='bbox 205 3197 295 3258; x_wconf 92' lang='lat' dir='ltr'>bonis</span> <span class='ocrx_word' id='word_1_239' title='bbox 311 3200 426 3258; x_wconf 86' lang='lat' dir='ltr'>lucens.</span> <span class='ocrx_word' id='word_1_240' title='bbox 457 3198 519 3259; x_wconf 89' lang='lat' dir='ltr'>Sed</span> <span class='ocrx_word' id='word_1_241' title='bbox 533 3215 592 3260; x_wconf 93' lang='lat' dir='ltr'>nos</span> <span class='ocrx_word' id='word_1_242' title='bbox 607 3201 645 3259; x_wconf 92' lang='lat' dir='ltr'>ad</span> <span class='ocrx_word' id='word_1_243' title='bbox 662 3206 774 3275; x_wconf 88' lang='lat' dir='ltr'>coepto</span> <span class='ocrx_word' id='word_1_244' title='bbox 788 3200 940 3263; x_wconf 81' lang='lat' dir='ltr'>feramur.</span> <span class='ocrx_word' id='word_1_245' title='bbox 1026 3218 1058 3271; x_wconf 71' lang='lat' dir='ltr'>eo</span> 
     </span>
    </p>

    <p class='ocr_par' dir='ltr' id='par_1_35' title="bbox 129 3280 917 3361">
     <span class='ocr_line' id='line_1_37' title="bbox 129 3280 917 3361; baseline 0.011 -23"><span class='ocrx_word' id='word_1_246' title='bbox 129 3280 240 3354; x_wconf 85' lang='lat' dir='ltr'>lgneus</span> <span class='ocrx_word' id='word_1_247' title='bbox 255 3282 414 3342; x_wconf 88' lang='lat' dir='ltr'>aethereas</span> <span class='ocrx_word' id='word_1_248' title='bbox 429 3283 488 3342; x_wconf 90' lang='lat' dir='ltr'>iam</span> <span class='ocrx_word' id='word_1_249' title='bbox 504 3282 558 3343; x_wconf 89' lang='lat' dir='ltr'>Sol</span> <span class='ocrx_word' id='word_1_250' title='bbox 574 3290 748 3359; x_wconf 86' lang='lat' dir='ltr'>penetrarat</span> <span class='ocrx_word' id='word_1_251' title='bbox 764 3284 797 3343; x_wconf 92' lang='lat' dir='ltr'>in</span> <span class='ocrx_word' id='word_1_252' title='bbox 812 3300 917 3361; x_wconf 85' lang='lat' dir='ltr'>arces,</span> 
     </span>
    </p>

    <p class='ocr_par' dir='ltr' id='par_1_36' title="bbox 88 3361 820 3441">
     <span class='ocr_line' id='line_1_38' title="bbox 88 3361 820 3441; baseline 0.014 -21"><span class='ocrx_word' id='word_1_253' title='bbox 88 3361 284 3439; x_wconf 84' lang='lat' dir='ltr'>Candidaque</span> <span class='ocrx_word' id='word_1_254' title='bbox 299 3373 405 3426; x_wconf 88' lang='lat' dir='ltr'>aurato</span> <span class='ocrx_word' id='word_1_255' title='bbox 421 3366 577 3441; x_wconf 86' lang='lat' dir='ltr'>quatiebat</span> <span class='ocrx_word' id='word_1_256' title='bbox 590 3368 704 3427; x_wconf 90' lang='lat' dir='ltr'>lumina</span> <span class='ocrx_word' id='word_1_257' title='bbox 718 3382 820 3437; x_wconf 88' lang='lat' dir='ltr'>curru,</span> 
     </span>
    </p>

    <p class='ocr_par' dir='ltr' id='par_1_37' title="bbox 87 3442 833 3523">
     <span class='ocr_line' id='line_1_39' title="bbox 87 3442 833 3523; baseline 0.005 -18"><span class='ocrx_word' id='word_1_258' title='bbox 87 3442 226 3509; x_wconf 87' lang='lat' dir='ltr'>Crinibus</span> <span class='ocrx_word' id='word_1_259' title='bbox 242 3457 274 3509; x_wconf 90' lang='lat' dir='ltr'>et</span> <span class='ocrx_word' id='word_1_260' title='bbox 286 3450 388 3510; x_wconf 89' lang='lat' dir='ltr'>roseis</span> <span class='ocrx_word' id='word_1_261' title='bbox 401 3450 548 3509; x_wconf 82' lang='lat' dir='ltr'>tenebras</span> <span class='ocrx_word' id='word_1_262' title='bbox 564 3452 686 3510; x_wconf 63' lang='lat' dir='ltr'>eurora</span> <span class='ocrx_word' id='word_1_263' title='bbox 696 3450 833 3523; x_wconf 67' lang='lat' dir='ltr'>lagaeam</span> 
     </span>
    </p>
   </div>
   <div class='ocr_carea' id='block_1_3' title="bbox 0 0 1168 3780">
    <p class='ocr_par' dir='ltr' id='par_1_38' title="bbox 0 0 1168 3780">
     <span class='ocr_line' id='line_1_40' title="bbox 0 0 1168 3780; baseline 0 0"><span class='ocrx_word' id='word_1_264' title='bbox 0 0 1168 3780; x_wconf 95' lang='lat' dir='ltr'> </span> 
     </span>
    </p>
   </div>
  </div>
 </body>
</html>
