2326 3780
162 162 226 231 ne
437 116 471 226 r.
491 164 654 225 vmcnn
674 163 849 227 manens

160 319 256 398 „Quis
270 332 370 379 novus
383 314 434 376 hie
447 316 562 377 nostris
576 319 728 378 successit
741 316 869 378 sedibus
883 316 1027 394 hospesf
1090 328 1122 383 lt

59 404 63 410 '
161 405 279 483 „Quem
293 416 365 463 sese
379 414 434 462 ore
448 400 567 461 temnet
592 418 683 477 quarn
697 402 767 462 forti
782 408 909 477 pectore
922 410 954 465 et
968 404 1080 464 annis!

162 488 284 565 „Credo
299 485 453 563 equidem,
466 500 525 545 nec
540 501 622 545 vana
634 485 725 562 fides,
740 501 838 561 genus
854 501 926 546 esse
941 486 1090 549 deomm=

161 571 358 649 „Degeneres
372 570 492 631 ammos
505 569 596 629 timor
610 570 717 645 arguit.
752 570 828 645 Heu,
845 569 957 645 quibus
972 572 1027 632 ille

161 657 314 733 „lactatus
329 654 415 715 fatis!
439 669 520 728 quae
532 651 614 714 bella
628 654 779 715 exhausta
793 653 935 715 canebat!

161 740 217 817 „Si
230 741 304 801 mihi
317 755 380 800 non
394 738 495 798 animo
509 737 605 797 lixum
618 739 838 814 immotmnque
853 739 984 813 sederet,
1093 751 1126 804 15

161 826 227 902 „Ne
241 825 290 886 cui
303 838 353 885 me
366 821 468 881 vinclo
484 823 594 882 uellem
608 824 729 883 sociare
743 823 844 898 iugali,
892 818 895 823 '

160 909 349 986 „Postquam
362 906 479 982 primus
494 921 581 967 amor
595 907 756 983 deceptam
770 914 867 968 morte
881 907 1004 979 fefellit;

161 994 216 1072 „Si
230 1009 292 1053 non
306 997 482 1067 pertaesum
494 989 618 1050 thalami
631 993 805 1067 taedaeqne
819 991 942 1051 fuisset:

161 1078 261 1156 „Huic
274 1076 323 1136 uni
339 1076 445 1134 forsan
459 1074 549 1155 potui,
559 1076 760 1136 succumbere
774 1077 893 1152 culpae.

161 1159 405 1239 ,mnne-fatebor
418 1159 522 1234 enim,
536 1159 640 1220 miseri
654 1161 804 1237 postlata
818 1159 951 1237 Sychaei

160 1243 326 1323 „coniugis
341 1248 371 1303 et
385 1258 514 1318 sparsos
529 1243 662 1304 fiaterna
675 1245 771 1305 caede
784 1244 913 1305 Penates

159 1328 274 1407 „Solus
288 1328 338 1387 hic
352 1324 471 1387 inflexit
484 1343 605 1404 sensus,
620 1329 815 1404 animumque
829 1328 982 1389 labantem

160 1412 315 1492 „Impulitr
337 1427 473 1487 agnosco
488 1413 601 1473 veteris
615 1414 746 1489 vestigia
760 1412 910 1472 flammae.
1079 1412 1083 1421 ’

160 1497 245 1575 „Sed
258 1496 331 1557 mihi
343 1497 394 1556 vel
407 1498 497 1558 tellus
512 1505 616 1573 optem
630 1499 715 1573 prius
730 1498 791 1557 ima
806 1497 952 1572 dehiscat„

160 1582 240 1660 „Vel
253 1587 342 1659 pater
354 1582 547 1658 omnipotens
562 1582 665 1657 adigat
678 1597 727 1641 me
741 1582 865 1641 fulmine
879 1581 1071 1660 adumbrans,
1087 1594 1125 1661 25

159 1664 331 1745 ,fallentes
343 1665 467 1727 umbras
480 1666 572 1726 Erebi
587 1673 770 1740 noctemque
783 1666 976 1741 profundam,

159 1752 270 1829 ,,Αιιῑθ,
282 1750 393 1827 Pudor,
409 1767 500 1827 quam
514 1756 545 1811 le
557 1750 640 1810 violo
656 1757 708 1811 aut
721 1757 773 1811 tua
787 1751 852 1810 iura
866 1750 1002 1810 resolvo.

160 1836 235 1912 „llle
248 1851 345 1912 meos,
359 1836 476 1912 primus
491 1835 544 1911 qui
557 1850 607 1894 me
621 1834 680 1894 sibi
695 1835 800 1910 iunxit„
815 1848 936 1894 amores

161 1918 328 1996 „Abstrditr
350 1920 401 1980 ille
414 1918 526 1981 habeat
540 1935 645 1991 secum
660 1925 823 1994 servetque
837 1920 1012 1995 sepulcro.“

161 2003 213 2066 Sic
228 2002 328 2079 elicta,
343 2004 443 2064 sinum
455 2002 590 2063 lacrimis
606 2003 742 2079 impiavit
757 2003 883 2064 obortis.
1050 2038 1055 2047 ·
1085 2014 1125 2069 30

160 2092 252 2149 Anna
264 2088 370 2148 refert=
393 2086 439 2162 „0
453 2087 523 2149 luce
535 2087 634 2162 magis
649 2088 760 2148 dilecta
775 2089 884 2162 sorori,

161 2173 297 2248 „Solane
310 2178 459 2247 perpetua
472 2187 614 2232 maerens
628 2187 755 2248 carpere
770 2173 901 2246 iuventa,

160 2258 245 2334 „Nec
261 2257 480 2327 dulcescentes,
495 2255 625 2316 Veneris
640 2272 697 2316 nee
712 2257 849 2333 praemia
859 2255 965 2315 norist
1074 2312 1080 2329 ,

161 2341 217 2415 „ld
232 2340 365 2399 cinerem
379 2345 431 2399 aut
444 2340 552 2399 Manes
565 2340 666 2400 credis
681 2356 788 2400 curare
802 2341 963 2416 sepultosa

160 2425 271 2500 „Est02
294 2438 417 2499 aegram
431 2422 504 2483 nulli
519 2425 673 2499 quondam
688 2423 803 2485 flexere
817 2424 923 2498 mariti,
1084 2434 1123 2489 ³5

161 2508 249 2582 „Non
262 2506 388 2584 Libyae,
403 2523 464 2567 non
481 2515 550 2567 ante
563 2508 660 2584 Tyr03
684 2508 850 2583 despectus
864 2507 970 2567 Iarbas

161 2592 395 2666 „Ductoresque
409 2591 469 2663 alii,
486 2607 564 2666 quos
578 2592 683 2651 Africa
697 2598 777 2653 terra
790 2592 950 2667 triumphis

161 2675 276 2750 „Dives
291 2674 358 2735 alitr
380 2675 532 2751 placitone
546 2675 637 2735 etiam
650 2676 802 2751 pugnabis
818 2676 936 2736 amorii

161 2759 245 2835 „Nec
259 2759 387 2819 venitin
402 2764 541 2832 mentem,
557 2774 687 2835 quorum
701 2760 881 2820 consederis
896 2760 1002 2820 arvisl

161 2844 259 2919 „Hinc
274 2843 418 2904 Gaetulae
432 2841 534 2915 urbes,
548 2859 645 2919 genus
659 2844 867 2921 insuperabile
879 2844 971 2918 bello,
1081 2855 1121 2909 db

161 2928 220 3003 „Et
232 2928 381 2988 Numidae
395 2927 504 2986 infreni
519 2928 642 3003 cingunt
656 2936 686 2988 et
704 2929 858 3005 inhospita
873 2926 989 3006 Syrtis;

162 3012 260 3089 „ilinc
274 3012 397 3072 deserta
412 3011 461 3071 siti
475 3012 570 3087 regio,
585 3014 706 3088 lateque
719 3014 854 3073 furentes

162 3096 319 3173 „Barcaei
354 3096 433 3171 Quid
445 3090 527 3157 bella
540 3096 621 3175 Tyro
636 3097 790 3173 surgentia
804 3097 913 3171 dicam

162 3181 386 3256 „Germanique
401 3179 522 3241 minasf

109 3280 124 3308 ι
163 3263 237 3339 „Dis
252 3266 396 3340 equidem
410 3262 588 3341 auspicibus
600 3280 672 3327 reor
685 3271 716 3325 et
729 3266 845 3325 lunone
858 3265 996 3327 secunda
1082 3273 1119 3329 le

162 3349 270 3424 „Hunc
284 3364 407 3411 cursum
420 3349 530 3410 iliacas
542 3356 636 3411 vento
649 3349 786 3410 tenuisse
800 3348 930 3410 carinas.

162 3432 278 3511 „Quam
291 3440 324 3494 tu
336 3432 452 3507 urbem,
464 3448 562 3510 soror,
574 3432 654 3495 hanc
668 3448 785 3509 cernes,
799 3449 878 3509 quae
885 3448 1011 3511 surgere
1021 3448 1117 3513 rema
