2326 3780
151 192 196 257 82
422 190 457 251 P.
477 188 640 251 t'lltGlLll
659 186 835 249 mmoxts

152 346 192 406 Et
204 345 339 420 graviter
352 342 497 403 trendens
511 342 558 402 sic
571 342 642 401 iatis
656 356 713 400 ora
724 340 868 399 resolvit=

154 429 239 505 wion
252 438 284 489 te
297 428 409 488 nullius
422 434 567 487 exercent
580 425 712 484 numinis
725 425 806 492 irae;

155 514 287 588 ,Magna
299 512 359 572 luis
372 512 553 571 commissa=
573 509 627 569 tibi
641 510 699 568 bas
712 506 896 566 miserabilis
910 506 1054 582 Orpbeus

155 597 418 673 „Haudquaquam
428 595 469 655 cb
479 594 618 653 meritum
628 608 757 669 peenas,
772 593 803 650 ni
816 592 878 651 iata
886 592 1043 663 resistant,
1057 603 1112 654 455

155 680 318 755 „Suscitat
333 688 365 739 et
376 686 466 755 rapta
476 678 611 752 grauiter
622 692 679 751 pro
693 676 824 753 coniuge
837 676 946 734 saevit

155 766 231 839 „illa
244 765 377 841 quidem,
392 762 465 822 dum
477 770 509 820 te
522 762 640 835 lugeret
652 775 709 836 per
722 759 850 819 flumina
863 774 1025 835 praeceps,

156 850 339 925 „lrnmancrn
353 852 425 905 ante
438 845 538 921 pedes
551 845 684 919 hydrum
697 845 842 902 meritura
856 844 959 918 puella

155 932 354 1009 „sanantem
366 930 451 1005 ripas
464 930 527 988 alta
539 943 602 987 non
614 928 691 986 uidit
705 928 735 986 in
749 927 854 985 berba.

156 1022 216 1093 „nt
229 1016 342 1075 cboms
355 1013 494 1087 aequalis
507 1012 665 1089 Dryadum
678 1013 813 1070 clamore
826 1024 989 1085 supremos
1059 1018 1114 1072 lio

157 1101 343 1177 „implerunt
354 1104 492 1165 montes;
512 1094 625 1154 flerunt
637 1096 839 1171 Rhodopeiae
852 1110 950 1165 arces,

156 1184 308 1259 „Altaque
320 1181 463 1255 Pangaea
475 1186 506 1238 et
518 1178 614 1238 Rhesi
627 1179 778 1238 Mauortia
791 1179 891 1247 tellus,

157 1272 279 1342 „Atque
293 1265 397 1335 Getae,
415 1270 508 1338 atque
520 1262 642 1323 Hebrus
656 1272 687 1322 et
699 1264 805 1322 Actias
819 1262 966 1339 Orithyia.

156 1351 259 1426 „lpse‚
274 1364 352 1408 cava
365 1348 471 1407 solans
485 1362 610 1423 aegrum
623 1347 777 1407 testudine
791 1362 935 1417 arnorem,

157 1434 227 1509 „Te
243 1432 342 1493 dulcis
355 1432 605 1503 coniux‚tes0lo
619 1432 650 1489 in
664 1433 752 1490 litore
766 1446 881 1501 secum,
1058 1438 1115 1493 465

156 1518 218 1593 „Te
232 1518 374 1576 veniente
387 1516 448 1590 die,
461 1524 492 1575 te
505 1516 676 1575 decedente
689 1515 829 1574 canebat

156 1602 341 1675 „Taenarias
355 1601 446 1660 etiarn
459 1601 576 1671 fauces,
590 1600 652 1658 alta
665 1600 746 1658 ostia
758 1598 846 1671 Ditis,

156 1686 214 1761 „Et
226 1686 406 1761 caligantem
419 1686 507 1760 nigra
519 1684 681 1744 tormidine
694 1684 795 1741 lucum

156 1770 347 1845 „ingressus
362 1770 532 1842 Manesque
545 1768 621 1827 adiit
633 1782 798 1842 regemque
810 1766 1010 1835 tremendum,

156 1854 348 1929 „Nesciaque
361 1853 502 1913 humanis
516 1851 659 1926 precibus
672 1865 889 1910 mansuescere
902 1850 1007 1909 corda.
1058 1858 1118 1913 tit)

156 1942 217 2013 „At
230 1946 321 1998 cantu
334 1944 505 1996 commotae
516 1934 607 1993 Erebi
621 1935 663 1993 de
675 1934 801 1994 sedibus
816 1935 885 1994 imis

156 2021 310 2097 „Umbrae
323 2019 408 2080 ibant
420 2028 530 2079 tenues
542 2017 767 2094 simmacraque
777 2020 846 2078 luce
859 2026 1023 2085 carentum

156 2104 273 2181 „Quam
286 2104 381 2164 multa
392 2104 423 2161 in
438 2101 520 2161 loliis
533 2101 636 2161 avium
650 2117 686 2161 sc
700 2103 792 2161 millia
806 2102 950 2162 condunt

157 2190 299 2263 „Vesper
311 2186 364 2246 ubi
377 2194 429 2246 aut
441 2184 588 2245 hibernus
602 2185 665 2259 agit
678 2186 718 2245 de
731 2187 885 2246 montibus
898 2185 1002 2255 imber,

157 2271 290 2347 „Matres
304 2276 397 2344 atque
410 2268 478 2342 tiri,
492 2267 698 2344 deiunctaque
712 2285 844 2346 corpora
856 2271 921 2328 ritu
1058 2278 1117 2333 trs

157 2353 403 2429 „Magnanimum
416 2352 552 2427 heroum,
565 2355 652 2430 pueri
665 2354 872 2430 innuptaeque
885 2354 1014 2430 puellae,

157 2437 378 2513 „impositique
390 2437 476 2512 rogis
489 2437 618 2499 iuvenes
632 2445 703 2497 ante
716 2453 772 2496 ora
786 2446 963 2513 parentum

158 2522 262 2597 „Quos
277 2520 391 2581 circmn
403 2520 493 2581 limus
507 2522 595 2598 niger
609 2529 639 2581 et
653 2522 800 2581 delonnis
814 2524 933 2582 anmdo

158 2605 287 2682 „Cocyfi
299 2604 448 2681 tardaque
460 2606 550 2681 palus
564 2605 735 2665 inamabilis
748 2607 831 2665 unda

157 2688 299 2764 „Alligat‚
314 2694 345 2749 et
356 2688 466 2750 novies
480 2688 560 2768 Styx
574 2690 722 2748 interlusa
735 2694 866 2750 coercet
1059 2694 1116 2749 let)

158 2772 255 2847 „Quin
269 2772 358 2849 ipsae
371 2780 516 2849 stupuere
530 2773 641 2833 domus
656 2780 748 2848 atque
762 2775 865 2833 intima
877 2774 943 2834 Leti

158 2856 311 2932 „Tarmra
332 2860 553 2931 caenueosque
566 2857 718 2933 implexae
732 2858 867 2919 crinibus
881 2873 998 2933 angues

158 2940 371 3015 ‚AEumenidea
384 2940 541 3014 tenuitque
554 2940 675 3001 inhians
689 2942 746 3001 tria
760 2942 910 3004 Cerbems
925 2958 988 3013 nm,

157 3028 280 3101 ‚aitque
292 3026 401 3085 Ixionii
415 3031 508 3084 vento
521 3032 590 3084 rota
602 3025 737 3085 constitit
750 3026 846 3087 orbis.

158 3108 304 3184 ,lamque
316 3108 429 3185 pedem
440 3108 578 3168 reserens
593 3124 685 3169 casus
699 3120 843 3170 evaserat
855 3124 972 3183 ornnes,
1058 3118 1115 3173 485

158 3192 372 3267 „Redditaque
383 3191 540 3269 Eurydice
553 3208 684 3269 superas
697 3195 841 3254 veniebat
855 3195 896 3254 ad
910 3211 1012 3265 auras,

157 3274 260 3346 „Pone
272 3290 554 3350 sequens-namque
564 3276 644 3337 hanc
655 3278 782 3337 dederat
792 3278 977 3353 Proserpina
989 3281 1115 3355 legem,

158 3356 276 3430 „Quum
289 3359 391 3420 subita
403 3359 554 3419 incautum
568 3361 721 3421 dementia
734 3362 816 3438 cepit
828 3370 988 3435 amantem,

155 3439 370 3513 „ignoscenda
384 3442 522 3519 quidem,
536 3444 649 3505 scirent
662 3446 689 3505 si
703 3447 865 3520 ignoscere
878 3447 1001 3506 Manes:

59 3511 312 3603 -Restibq
326 3526 562 3605 Eurydicenque
575 3545 673 3605 suam,
687 3530 747 3589 iam
760 3531 829 3591 luce
842 3531 900 3591 sub
914 3531 996 3604 ipsa,
1060 3537 1117 3592 490
