2326 3780
112 186 154 253 10
383 185 417 246 P.
436 184 599 246 VIRGlLll
617 183 793 247 Maeonis

345 338 545 405 lollio.
587 338 758 399 notoni
776 341 823 397 lv.

99 421 263 485 xSicelides
277 418 394 496 Musae,
410 422 515 500 paullo
529 420 648 481 maiora
660 429 820 481 canamus!

111 506 178 567 Non
194 520 300 567 omnes
315 506 441 568 arbusta
453 507 560 566 iuvant
572 504 765 581 humilesque
777 506 938 582 myricaee

110 589 145 651 Si
160 591 296 668 caminus
311 592 417 664 silvas,
433 590 530 650 silvae
544 588 605 648 sint
619 588 752 650 Consule
766 589 889 664 dignae.

152 674 263 735 Ultima
278 675 400 736 Cumaei
414 673 498 733 venit
510 672 572 732 iam
583 673 726 734 ceraunis
741 680 834 745 aetas,

109 758 239 834 Magnus
254 759 292 819 ab
308 759 426 834 integro
442 757 612 818 saeclorum
626 758 762 819 nascitur
775 756 869 828 ordo;
1064 773 1081 827 5

109 842 173 903 lam
186 843 265 903 redit
279 851 309 903 et
322 842 427 917 Virgo,
443 841 572 902 redeunt
585 840 727 903 Satrnnia
739 856 850 917 regna3

107 926 172 985 Iam
187 942 268 986 nova
281 926 445 1002 progenies
460 926 548 986 coelo
563 924 726 986 demittitur
740 927 811 985 alto.

107 1010 151 1068 Tu
165 1010 257 1069 modo
273 1010 411 1070 nascenti
424 1024 529 1085 puero,
545 1025 606 1085 quo
621 1010 720 1071 ferrea
734 1010 864 1086 primunr

107 1093 233 1154 Desinet
247 1109 284 1153 ac
297 1100 361 1154 toto
376 1101 481 1169 surget
493 1108 569 1168 gens
584 1109 684 1154 auree
690 1094 814 1167 mundo,

107 1177 200 1237 Casta
214 1177 283 1237 lave
296 1178 427 1239 Lucinas
448 1176 714 1253 tuusiamregnat
725 1177 849 1254 Apollo.
1042 1194 1076 1248 10

107 1261 212 1337 Teque
226 1261 306 1321 adeo
322 1262 418 1322 decus
432 1261 492 1321 boc
507 1262 630 1336 acuite
647 1261 787 1336 Consule,
802 1261 899 1337 inibit,

105 1343 212 1418 Pollio,
229 1352 259 1405 et
273 1346 417 1422 incipient
430 1345 532 1421 magni
545 1346 715 1422 procedere
728 1360 867 1417 mensem

85 1440 89 1451 ·
105 1428 148 1488 Te
164 1429 251 1503 duce,
268 1431 294 1489 si
311 1447 373 1507 qua
386 1438 516 1503 manent,
532 1430 658 1491 sceleris
672 1429 803 1507 vestigia
816 1431 913 1491 nostri

105 1512 194 1573 Irrita
208 1522 357 1590 perpetua
371 1516 493 1576 solvent
506 1514 668 1575 tormidine
680 1520 788 1574 terras.
980 1578 985 1593 ,

148 1598 202 1657 llle
217 1598 310 1659 dedan
322 1600 416 1660 titani
431 1599 569 1675 accipiet,
586 1599 730 1673 divisque
742 1596 859 1658 videbit
1035 1614 1068 1667 15

103 1680 274 1744 Pennixtos
289 1683 410 1756 heroas,
426 1691 456 1744 et
470 1683 539 1759 ipse
552 1682 706 1743 videbitur
718 1681 787 1754 illis,

103 1764 309 1844 Pacatumque
323 1776 410 1844 reget
422 1767 529 1844 patriis
543 1766 704 1827 virtutibus
719 1764 833 1825 orbem.

146 1853 187 1912 At
200 1851 252 1911 tibi
266 1853 372 1928 prima,
387 1867 473 1928 puer,
488 1851 570 1910 nullo
585 1850 767 1911 munuscula
781 1851 872 1922 cultu,
918 1860 921 1865 '

103 1933 247 1997 Errantes
263 1936 394 1995 hederas
409 1934 527 2011 passim
541 1949 610 1993 cum
623 1933 753 1993 baccare
766 1933 856 1994 tellus

104 2017 260 2096 Mixtaque
273 2019 383 2077 ridenti
398 2016 554 2077 colocasia
567 2017 674 2078 fundet
687 2018 827 2079 acantho.

103 2102 195 2176 Ipsae
209 2103 287 2162 laete
301 2102 424 2161 domum
438 2101 571 2161 referent
584 2101 718 2163 distenta
732 2101 868 2177 capellae

102 2184 214 2259 Ubera,
229 2200 287 2245 nec
300 2200 429 2260 magnos
444 2191 580 2247 metuent
592 2193 728 2247 armenta
741 2186 858 2245 leones.

102 2269 176 2344 lpsa
189 2267 243 2329 tibi
256 2267 389 2330 blandos
403 2269 531 2330 fundent
544 2271 696 2333 cunabula
710 2267 815 2329 flores.

104 2352 230 2414 Occidet
244 2360 274 2415 et
287 2368 426 2429 serpens,
443 2361 473 2415 et
486 2354 580 2416 fallax
594 2354 690 2415 herba
702 2352 813 2412 veneni

103 2436 243 2508 Occidet;
266 2439 431 2515 Assyrium
444 2440 538 2515 vulgo
553 2444 696 2499 nascetur
710 2450 872 2498 amomum.

101 2522 142 2580 At
157 2521 246 2582 simul
259 2520 387 2584 heroum
401 2524 512 2585 laudes
524 2530 556 2584 et
568 2524 650 2582 lacta
662 2520 798 2596 parantis

100 2605 165 2664 lam
179 2605 281 2681 legere
296 2614 325 2667 et
340 2624 420 2685 quae
434 2607 474 2669 sit
486 2607 603 2683 poteris
618 2619 807 2679 cognoscere
819 2605 933 2677 virtues

101 2688 185 2748 Molli
199 2691 355 2765 paullatim
369 2691 519 2752 flavescet
531 2704 659 2763 campus
673 2687 776 2763 arista,

101 2772 289 2851 incultisque
302 2776 415 2837 rubens
429 2771 576 2850 pendebit
590 2771 729 2833 sentibus
742 2789 812 2847 uva,

99 2856 137 2917 Et
152 2858 246 2920 durae
261 2875 393 2936 quercus
408 2855 563 2918 sudabunt
575 2856 701 2916 roscida
714 2857 814 2917 mella.

99 2939 201 3003 Pauca
213 2952 314 3005 umen
329 2942 476 3003 suberunt
488 2939 612 3016 priscae
624 2940 755 3016 vestigia
769 2940 895 3017 fraudis,

100 3024 183 3099 Quae
196 3035 314 3088 tentare
325 3024 443 3085 'llrdim
455 3022 582 3098 ratibus,
593 3030 681 3103 'quae
696 3026 819 3100 cingere
832 3025 927 3087 muris

99 3108 229 3187 Oppida,
246 3124 326 3186 quac
338 3107 462 3169 iribeant
474 3106 575 3171 cellud
588 3109 738 3171 infindere
753 3109 867 3171 sulcos.

97 3194 184 3254 Alter
197 3193 254 3253 erit
271 3200 334 3252 tum
349 3192 475 3271 Tiphys,
490 3198 522 3255 ct
533 3194 628 3255 ultera
643 3209 723 3270 quae
736 3193 829 3256 vehat
841 3195 926 3270 Argo

96 3276 240 3336 Delectos
254 3275 383 3350 heroas3
405 3285 493 3347 erunt
506 3279 598 3339 etiam
611 3280 707 3340 altera
722 3277 812 3352 bellu,

95 3360 199 3434 Atque
212 3360 320 3420 iterum
334 3363 374 3424 ad
387 3362 508 3425 Troiam
522 3379 651 3440 magnus
665 3363 798 3422 mittetur
810 3361 958 3425 Achilles.

95 3439 183 3519 Hinc,
200 3444 251 3504 ubi
265 3444 325 3506 iam
340 3447 458 3509 tinnata
472 3449 571 3509 virum
584 3455 614 3509 te
628 3446 735 3507 lecerit
750 3452 844 3520 aetus,
