2326 3780
270 100 277 115 “
346 132 549 197 euconcn.
589 133 674 197 uon.
694 134 745 196 m.
798 84 805 99 ’
1002 135 1019 201 ⁷

68 292 122 352 Bis
136 290 221 350 venit
234 287 274 347 ad
288 286 453 363 mulctram,
467 285 559 349 binos
571 286 625 347 ulit
636 286 731 347 ubere
745 288 837 349 letus·
985 297 1021 352 00

67 377 215 451 Depone,
236 378 270 434 tu
284 371 342 445 dic,
356 385 552 446 mecumque
566 370 696 447 pignore
709 380 817 433 cenes.

406 452 672 517 MENALCAS.

67 544 113 602 De
127 556 220 616 grege
234 554 296 600 non
310 539 409 599 ausim
424 539 592 614 quidquam
606 539 763 615 deponere
777 544 890 599 tecum:

66 628 124 685 Est
137 625 209 684 mihi
223 638 354 698 namque
369 623 452 683 donn
465 630 561 698 pater,
575 628 624 683 est
637 622 751 683 iniusta
765 638 909 697 noverca,

67 710 183 783 Bisque
198 707 248 767 die
262 714 419 767 numerant
433 704 522 768 ambo
536 721 643 783 pecus,
658 707 778 767 alteret
792 705 920 767 haedos.

67 794 181 853 Verum
196 791 236 864 id,
252 791 336 866 quod
348 791 443 851 multo
456 796 519 851 tute
532 790 601 866 ipse
614 790 749 851 fatebere
762 790 875 851 maius·
982 800 1017 856 30

65 877 203 937 lnsanire
217 874 291 935 libet
302 875 448 951 quoniam
460 874 537 948 tibi·,
550 875 665 952 pocula
678 889 790 951 ponam

63 961 188 1037 Fagina,
205 959 353 1019 caelatum
367 959 462 1019 divini
476 974 556 1035 opus
568 959 800 1034 Alcimedontis,

62 1046 158 1106 Lenta
174 1043 285 1119 quibus
300 1051 388 1104 torno
403 1043 483 1103 sacili
497 1043 697 1120 superaddita
712 1042 781 1102 vitis

61 1128 202 1191 Diffusus
216 1127 335 1189 hedera
345 1127 437 1189 vestit
449 1127 583 1204 pallente
595 1126 773 1205 cornminus

62 1215 96 1273 ln
110 1213 213 1274 medio
230 1213 295 1273 duo·
305 1212 402 1288 signu,
419 1211 533 1286 Conon,
549 1218 579 1272 ot
593 1212 665 1288 quis
677 1212 732 1273 suit
744 1211 828 1284 alten
982 1215 1017 1271 lo

61 1297 234 1372 Descripsit
246 1296 332 1355 radio
346 1303 443 1356 totum
457 1296 508 1370 qui
522 1296 665 1371 gentibus
679 1295 793 1369 orbem,

63 1381 216 1454 Tempora
231 1394 310 1453 quae
323 1394 454 1451 messor,
471 1395 550 1453 quae
563 1395 675 1441 cruvus
690 1385 791 1439 arator
804 1376 939 1439 haberet

63 1462 202 1521 Necdum
215 1461 275 1521 illis
290 1460 377 1521 labra
389 1462 521 1535 admovi,
535 1463 592 1521 aed
607 1463 731 1523 condita
743 1477 845 1523 servo.
888 1501 891 1505 -

402 1542 672 1607 ennomus.

63 1630 102 1689 Et
116 1626 206 1701 nobis
221 1626 303 1687 idem
315 1627 497 1689 Alcimedon
512 1627 575 1712 duo
587 1629 701 1704 pocula
714 1628 794 1702 lecit,

62 1715 101 1773 Et
115 1711 198 1771 molli
213 1710 327 1772 circum
340 1719 389 1773 est
401 1727 496 1773 ansus
511 1712 671 1788 amplexus
686 1711 825 1785 acantho,
981 1718 1015 1773 to
1113 1742 1117 1751 ·

64 1796 247 1874 Orpheaque
261 1796 292 1856 in
306 1797 407 1858 medio
422 1797 527 1873 posuit
541 1797 699 1871 silvasque
714 1798 889 1871 sequentes.

61 1881 198 1942 Necdum
211 1880 270 1942 illis
285 1879 371 1941 labra
384 1881 518 1954 admovi,
532 1881 591 1955 sed
604 1881 729 1942 condita
741 1893 845 1941 servo.

61 1965 94 2028 Si
109 1965 151 2024 ad
167 1965 289 2024 vitulam
303 1973 438 2041 spectas,
452 1965 526 2025 nihil
539 1971 588 2026 est
602 1965 687 2042 quod
700 1963 815 2042 pocula
827 1961 945 2023 laudes.

396 2048 664 2111 MENALGASu

59 2133 220 2207 Nunquam
234 2132 328 2193 hodie
340 2132 488 2209 effugiem
509 2134 642 2208 verdun,
658 2146 852 2209 quocumque
866 2129 998 2191 vocaris.

56 2215 173 2277 Audiat
182 2215 260 2276 haec
271 2222 418 2277 tantum...
434 2217 484 2277 vel
494 2217 546 2292 qui
558 2218 648 2291 venit,
665 2233 747 2292 ecce,
761 2217 934 2277 Palaemon.
975 2224 1012 2281 5⁰

58 2297 207 2372 Efficiam,
223 2299 353 2376 posthac
367 2317 406 2360 nc
422 2317 604 2376 quemquam
617 2316 697 2362 voce
711 2302 858 2361 lacessas.

401 2383 669 2447 DnMOETAS.

61 2467 138 2539 Quin
153 2482 219 2543 age,
233 2469 264 2529 si
277 2468 353 2543 quid
366 2468 478 2539 hebes,
500 2469 531 2529 in
546 2483 596 2529 me
608 2484 696 2529 mora
708 2483 770 2529 non
785 2467 843 2528 erit
855 2468 926 2545 ulla,
1031 2508 1034 2520 .

61 2549 124 2609 Nec
139 2566 320 2627 quemquam
334 2552 434 2627 fugior
453 2558 579 2628 tantum,
592 2552 693 2613 vicine
705 2551 876 2627 Palaemon,

61 2631 211 2694 Sensibus
224 2634 301 2697 haec
315 2636 449 2697 imis-res
463 2643 587 2697 estnon
604 2650 857 2712 parua-repones

398 2718 666 2783 PALnEMON.

60 2800 166 2874 Dicite,
183 2802 433 2879 quandoquidem
447 2805 478 2864 in
492 2805 576 2865 molli
591 2805 787 2867 corrsedimus
801 2804 904 2878 herba,
975 2813 1009 2869 ⁵5

59 2885 98 2945 Et
111 2900 191 2945 nunc
206 2886 305 2948 omnis
319 2904 401 2963 agar,
415 2903 496 2949 nunc
511 2890 611 2951 omnis
625 2891 753 2967 parturit
764 2888 877 2969 orbos,¹

58 2969 145 3030 Nunc
159 2970 302 3031 frondent
314 2972 420 3046 silvae,
436 2989 516 3033 nunc
531 2974 776 3036 formosissimus
787 2988 895 3035 onnus.

57 3054 172 3130 lncipe,
187 3053 343 3129 Damoeta,
357 3064 391 3118 tu
405 3056 517 3117 deinde
531 3072 671 3135 sequere,
685 3058 833 3131 Menalca,

58 3138 193 3199 Alternis
208 3138 330 3200 dicetisz
350 3148 455 3202 anmnt
465 3142 584 3203 alterna
596 3141 777 3204 camoenae.

92 3222 99 3231 '
399 3224 665 3287 osmondus.

57 3302 107 3361 Ab
122 3303 196 3364 Iove
209 3305 398 3382 principium,
413 3308 537 3371 Musae=
558 3310 643 3371 Iovis
657 3309 759 3370 omnia
772 3309 878 3385 plena,
975 3316 1010 3371 00

57 3385 112 3445 ille
127 3387 200 3448 colit
213 3396 319 3465 terres,
333 3391 457 3453 illimes
471 3394 605 3457 carmina
619 3410 719 3456 curae.
