2326 3780
5 13 407 111 NWJQW

100 188 142 253 ae
374 190 407 249 r
427 190 589 251 vmcnrr
609 188 784 251 uaaours

102 344 157 401 illa
170 357 262 417 seges
278 343 400 403 demum
413 344 496 403 votis
509 343 679 418 respondet
692 341 777 402 avari

100 426 273 501 Agricolae,
288 427 337 488 bis
352 442 432 503 quae
446 428 553 499 solem,
568 426 617 486 bis
632 427 746 502 frigora
761 426 875 497 sensil;

101 511 206 570 Illius
198 526 365 573 rmmensae
377 519 525 587 rupemnt
537 511 650 571 horrea
662 525 793 571 messes.

101 597 147 653 Ao
162 596 257 670 prius,
271 582 408 672 igneum
422 595 502 655 ferro
520 611 611 684 quam
625 594 793 655 scindimus
807 610 939 670 aequor,
1030 605 1062 658 tlt

100 680 182 739 Vent
170 688 219 739 tos
235 687 266 740 et
278 681 397 740 varium
411 679 490 740 coeli
504 674 702 755 praediscere
715 694 830 739 morem

102 763 180 823 Cura
194 765 233 823 sit
246 780 283 824 ac
297 764 414 840 patrios
428 765 589 860 cultusque
604 762 788 838 habitusque
803 763 954 837 locorum,

100 848 138 907 Et
152 849 224 923 quid
241 862 383 923 quaeque
396 847 474 907 ferat
486 849 581 922 regio,
596 855 626 906 et
641 847 715 921 quid
730 862 874 922 quaeque
886 856 1025 909 recuset.

101 932 156 990 llic
171 938 302 1006 segetes,
316 932 377 991 illic
391 932 517 991 veniunt
530 931 649 1011 felicius
663 946 753 1004 uvae,

103 1010 243 1075 Arborei
247 1016 326 1077 fetus
340 1014 818 1089 alibiatqueiniussavirescunt
1027 1024 1057 1079 55

102 1099 252 1159 Gramina.
287 1100 394 1160 Nonne
407 1098 507 1173 videa,
523 1114 651 1159 croceos
665 1108 699 1159 ut
710 1099 834 1159 fmulos
849 1098 979 1195 odores,

102 1183 187 1241 India
200 1184 288 1243 mittit
301 1183 386 1254 ebur,
401 1184 511 1243 molles
526 1190 663 1243 enatura
678 1183 805 1253 Sabaei,

100 1271 141 1326 At
156 1266 309 1343 Chalybes
322 1266 425 1329 nudif
424 1283 533 1340 erurm,
547 1268 717 1342 virosaque
730 1266 844 1327 Pontus

102 1350 255 1424 Castorea,
267 1351 410 1411 Eliadum
423 1352 542 1427 palmtm
556 1352 667 1427 Epiros
682 1358 849 1426 squamma

103 1434 251 1494 Continuo
266 1434 323 1497 has
336 1436 422 1512 leges
437 1442 621 1511 aeternaque
636 1437 763 1495 foedera
777 1435 867 1495 certis
1024 1445 1057 1500 tlt

100 1519 248 1593 Imposuit
261 1520 373 1581 Natura
386 1521 473 1595 loeis,
491 1535 552 1595 quo
566 1528 706 1595 tempore
719 1520 850 1595 primum

101 1603 267 1664 Deucalion
279 1621 408 1665 vacuum
424 1605 544 1681 lapides
560 1605 683 1664 iactavit
696 1604 726 1663 in
742 1603 862 1663 orbem:

100 1688 189 1747 Unde
203 1688 342 1750 homines
357 1691 428 1764 nati,
444 1691 552 1749 durum
566 1704 673 1763 genus.
707 1688 788 1761 Ergo
803 1701 870 1761 age,
886 1694 990 1751 terrae

100 1772 213 1847 Pingue
227 1774 326 1833 solum
341 1775 447 1850 primis
462 1774 615 1848 extemplo
631 1771 821 1831 amensibus
836 1772 907 1830 anni

102 1856 205 1918 Fortes
219 1859 370 1918 invertant
383 1858 469 1931 tauri
484 1857 654 1931 glebasque
667 1856 803 1915 iacentes
874 1852 879 1859 '
1024 1865 1057 1921 ss

101 1940 311 2002 Pulverulenla
325 1949 438 2015 eoquat
450 1940 577 2000 maturis
592 1940 709 2000 solibus
724 1946 843 2011 aestas;
920 1984 924 1989 .

99 2027 140 2083 At
154 2027 181 2083 si
196 2041 257 2084 non
272 2026 362 2084 fuerit
373 2025 462 2083 tellus
478 2023 618 2095 fecundo,
635 2023 691 2083 sub
706 2025 809 2099 ipsum

99 2110 260 2167 Arcturum
274 2109 356 2167 tenui
371 2116 420 2166 sat
432 2106 488 2166 erit
502 2108 694 2181 suspendere
709 2110 811 2168 sulco=

99 2191 172 2264 lllic,
188 2192 324 2251 officiant
336 2191 425 2250 laetis
439 2206 479 2250 ne
494 2191 631 2265 frugibus
646 2192 769 2265 herbae,

100 2275 164 2345 Hic,
181 2275 314 2334 sterilem
328 2275 457 2350 exiguus
471 2291 511 2335 ne
526 2276 648 2336 deserat
662 2276 771 2335 humor
785 2291 919 2337 arenam.
1024 2288 1058 2345 to

141 2359 273 2418 Alternis
288 2359 370 2419 idem
382 2365 489 2420 tonsas
505 2374 629 2420 cessare
644 2362 782 2434 novales,

98 2443 136 2501 Et
151 2458 277 2517 segnem
290 2443 407 2517 patiere
421 2445 482 2505 situ
495 2445 660 2505 durescere
675 2460 832 2520 campum;

49 2579 51 2582 Α
98 2530 159 2586 Aul
174 2526 214 2585 ibi
229 2525 312 2587 flava
326 2542 421 2603 seres,
436 2535 548 2588 mutato
564 2529 675 2599 sidere,
692 2530 782 2601 farra,

98 2610 187 2669 Unde
202 2612 287 2686 prius
301 2612 412 2672 laetum
427 2612 539 2687 siliqua
553 2620 720 2686 quassante
734 2614 883 2689 legtunen,

98 2696 160 2753 Aut
173 2695 272 2754 tenuis
287 2696 367 2756 fetus
381 2697 480 2756 viciae
493 2696 649 2769 tristisque
663 2697 757 2773 lupini
1025 2708 1058 2764 tt

100 2777 264 2839 Sustuleris
280 2781 403 2854 fragiles
418 2782 554 2840 calamos
569 2781 740 2856 silvamque
756 2786 927 2841 sonantem.

98 2862 164 2922 Urit
178 2864 258 2923 onim
272 2864 323 2923 lini
339 2879 480 2939 compton
495 2866 670 2939 seges-urit
683 2881 811 2938 avenae,

98 2946 195 3009 Urunt
208 2947 342 3009 Lethaeo
357 2950 483 3023 perfusa
497 2964 655 3024 papavera
669 2966 789 3011 somno.

99 3028 162 3090 Sed
177 3039 277 3091 tamen
292 3033 416 3093 alternis
431 3033 530 3093 facilis
543 3033 645 3093 labora
667 3035 755 3094 arida
766 3040 882 3093 tantum

97 3114 143 3172 Ne
157 3121 295 3175 saturare
308 3117 381 3176 fimo
396 3118 500 3193 pingui
515 3119 630 3193 pudeut
643 3119 720 3192 sola,
734 3132 814 3178 neve
870 3190 875 3201 Ι
1022 3128 1059 3185 etl

97 3196 214 3259 Effelos
229 3201 361 3261 cinerem
376 3200 562 3262 immundum
577 3204 689 3263 iactare
704 3216 875 3278 per-agros.

99 3280 149 3341 Sic
166 3300 289 3359 quoque
303 3287 425 3347 mutatis
439 3288 635 3363 requiescunt
648 3287 759 3347 fetibus
774 3300 857 3355 arva,
895 3324 898 3331 -

97 3366 160 3426 Nec
174 3369 258 3428 nulla
270 3370 386 3432 interea
399 3378 448 3433 est
460 3373 596 3431 inaratae
610 3370 706 3447 gratia
718 3378 827 3430 terrae.

98 3450 199 3528 Saepe
214 3453 304 3515 etiarn
318 3456 439 3516 steriles
452 3456 617 3515 incendere
632 3456 746 3531 profuit
759 3468 862 3529 agros,
