2326 3780
428 190 474 247 ΙΝ
479 190 740 249 Tuouucrlo.
962 190 1065 247 XXVII

102 341 262 397 absolutum
273 355 337 395 esse
347 338 397 395 tibi
406 337 603 411 persuadebis.
634 338 734 410 Neque
744 342 788 395 est
798 336 1064 409 qrddquaminipso

102 424 244 492 carmine,
272 424 349 494 quod
365 423 432 480 huic
454 424 580 495 opinioni
599 428 754 495 repugnet,
776 438 812 477 nc
831 421 893 477 GL
910 420 982 483 505.
1001 438 1063 493 sqq.

101 509 150 566 vel
171 508 204 563 ll.
230 505 304 566 171.
325 524 368 580 sq.
391 508 514 580 quidem.
558 507 763 565 Gravissimum
784 506 823 562 ad
843 506 1066 563 confirmandam

102 608 196 647 meam
227 592 393 649 sententiam
422 592 490 648 inde
516 592 625 648 accedit
652 591 781 663 pondus,
810 590 888 662 quod
908 591 1065 648 secumdum

102 676 203 732 librum
225 681 369 747 postremo
390 677 453 733 loco
474 681 691 746 commemorat,
715 680 813 747 quarto
833 676 919 747 plane
939 675 1064 731 omisso’.

103 758 163 817 Sed
172 767 274 832 poeta,
302 761 349 832 qui
366 760 465 817 decern
483 777 572 817 armos
586 759 709 817 Aeneidi
725 758 940 831 componendae
956 760 1064 830 impen-

102 844 142 899 dit
151 843 274 901 necdum
283 850 349 917 post
359 845 500 901 decimum
510 861 616 901 annum
628 860 699 916 opus
710 845 778 899 satis
785 843 938 915 expolitum
945 843 1064 915 reliquit,

101 935 129 985 et
145 945 231 999 quem
246 936 360 985 veteres
378 930 408 984 in
424 930 555 987 versibus
570 928 729 1001 pangendis
746 927 977 1000 expediendisque
996 927 1064 983 satis

98 1013 212 1068 tardum
223 1013 310 1069 luisse
321 1013 434 1069 tradunt
448 1010 617 1087 [Quintilian.
631 1012 667 1068 X
678 1010 708 1072 3.
721 1011 768 1082 8.,
788 1012 893 1069 Gellius
903 1011 988 1067 XVII.
1002 1009 1063 1079 lu..

98 1095 199 1153 Donat.
211 1103 237 1164 s.
249 1094 329 1172 38.],
352 1103 461 1169 septem
476 1114 546 1155 saue
558 1100 648 1153 annos
664 1096 810 1168 Georgicis
824 1095 981 1153 scribendis
996 1111 1064 1151 con·

100 1196 214 1236 sumere
225 1183 330 1253 potuit,
348 1183 516 1254 praesertim
527 1199 591 1237 cum
602 1181 776 1254 grammatici
788 1197 853 1237 eum
865 1179 975 1235 infirma
985 1180 1064 1236 vale-

98 1264 197 1320 tudine
216 1281 300 1321 usum
311 1282 375 1323 esse
391 1266 513 1338 ideoque
524 1267 554 1321 in
567 1267 645 1323 ltalia
656 1267 788 1322 interiore
803 1265 909 1323 vixisse
923 1264 1001 1319 haud
1011 1263 1064 1317 im·

100 1349 283 1419 probabiliter
303 1351 488 1407 narraverint.
526 1351 558 1405 ln
576 1351 630 1405 illis
647 1356 740 1405 autem
753 1350 885 1409 versibus
898 1347 1001 1420 Georg.
1014 1346 1061 1401 IV.

102 1429 174 1489 669.
187 1447 249 1501 sqq.
261 1440 346 1501 poeta
357 1433 533 1488 solummodo
545 1434 629 1501 dixit,
647 1449 702 1503 quo
714 1439 839 1505 temporo
852 1431 990 1504 Georgica
1000 1430 1063 1487 fini·

102 1514 191 1582 verit,
212 1528 305 1584 neque
316 1531 386 1571 vero
396 1521 499 1583 totum,
517 1517 593 1586 quod
603 1516 637 1571 iis
649 1517 804 1573 scribendis
815 1517 984 1586 impenderit
993 1520 1064 1571 tem-
1120 1506 1125 1519 ’

103 1611 174 1667 pus,
201 1595 387 1669 descripsisse
404 1598 525 1654 videtur.
565 1600 662 1669 inepta
683 1599 805 1672 denique
826 1605 869 1655 est
889 1599 989 1656 Donati
1010 1593 1062 1659 42.

102 1680 211 1749 tabula,
240 1681 287 1750 qui
301 1681 447 1753 Virgilium
467 1680 620 1739 Octaviano
642 1683 676 1737 ab
695 1682 811 1739 Actiaca
829 1698 926 1753 pugna
945 1697 1063 1737 reverso

101 1764 213 1821 Atellae
225 1763 363 1837 Georgica
373 1766 549 1838 praelegisse
560 1768 654 1821 refert.
666 1765 773 1843 vidjbr'
782 1766 874 1836 Heyn.
884 1793 928 1809 ...
940 1766 1001 1821 Hoc
1011 1764 1065 1820 Ga·

102 1847 231 1919 orgicum
248 1864 361 1905 carmen
382 1855 409 1905 et
427 1849 561 1906 Bucolica
577 1850 708 1922 Horatius
723 1849 782 1907 Sat.
795 1850 816 1903 Ι.
833 1846 881 1907 10.
892 1843 959 1918 ll„
981 1863 1084 1919 quum·

101 1948 177 1987 anno
209 1930 282 1993 723.
309 1940 429 1991 exeunte
442 1988 446 1994 ,
460 1935 592 2006 scripsit,
628 1936 760 2005 respexit
803 1932 881 1991 Conl'.
904 1933 1063 2001 Quintilian.

163 2099 233 2155 Cum
253 2108 339 2171 poeta
358 2102 451 2158 adhuc
470 2104 499 2158 in
513 2103 658 2176 Georgicis
673 2101 877 2173 componendis
892 2106 1063 2171 versaretur,

12 2236 16 2241 .
100 2184 158 2239 iam
176 2184 213 2239 de
223 2184 351 2241 Aeneide
366 2187 506 2258 cogitasse
517 2188 637 2244 videtur.
653 2187 711 2243 vid.
725 2187 822 2258 Georp.
835 2186 879 2241 Ill.
892 2183 943 2245 46.
980 2184 1064 2241 Haud

102 2268 188 2325 dubie
204 2269 287 2339 igitur
302 2286 359 2325 non
371 2271 419 2326 diu
436 2277 501 2342 post
517 2271 656 2343 Georgica
670 2271 746 2326 edita
756 2270 811 2326 hoo
823 2287 895 2341 opus
909 2269 1062 2338 inchoavit,

101 2368 159 2424 quo
175 2352 331 2423 primordia
347 2356 445 2426 populi
462 2354 582 2411 Romani
600 2360 628 2411 et
643 2354 776 2424 Aeneae,
804 2370 894 2426 aquo
911 2370 983 2426 gens
995 2354 1064 2409 lulia

102 2437 242 2508 originem
253 2436 388 2508 ducebat,
403 2439 556 2496 adventum
566 2440 596 2494 in
605 2439 712 2494 ltaliam
723 2439 832 2494 cecinit.
853 2438 958 2510 Magno
970 2444 1063 2494 autem

103 2520 246 2576 desiderio
257 2520 313 2576 hoc
327 2537 440 2577 carmen
452 2528 643 2594 exspectatum
658 2528 685 2577 et
698 2523 804 2595 ingenti
819 2524 958 2594 applausu
972 2521 1063 2576 statim

103 2606 139 2659 ab
154 2604 230 2659 initio
246 2611 394 2676 exceptum
408 2612 459 2662 est.
479 2607 561 2663 Unde
571 2608 733 2678 Propertius
744 2608 776 2663 ll.
788 2602 838 2666 34.
851 2607 903 2667 61.
915 2623 975 2679 sqq.
988 2620 1062 2661 anno
1128 2596 1132 2603 '

102 2687 174 2749 728.
190 2694 238 2743 aut
253 2689 323 2749 729.
340 2691 466 2761 scripsit:

267 2774 346 2830 Actio
364 2773 505 2847 Virpriium
516 2776 634 2851 orectodis
645 2776 725 2832 litora
736 2775 848 2845 Phoebi,

299 2858 439 2914 'Caesarie
450 2865 476 2914 et
483 2860 571 2931 fortes
582 2861 674 2915 elicere
680 2874 766 2932 posse
777 2868 868 2923 rotem

269 2940 323 3008 Qui
331 2958 406 2997 nunc
415 2943 527 2998 Aeneae
539 2944 654 2999 Troiani
662 2947 776 2999 amcitut
785 2962 867 3001 arma

308 3025 445 3098 luctuque
456 3026 568 3083 Mvim'c
577 3030 684 3084 moenia
694 3029 824 3083 literidcm

270 3109 360 3166 (ledda
370 3111 492 3167 Romani
500 3114 665 3184 scriptores,
686 3112 773 3167 cedite
784 3112 874 3167 Graii:

308 3194 408 3251 Nescio
416 3197 485 3267 quaid
492 3198 582 3251 maior
591 3198 718 3251 nmcilur
727 3195 824 3251 Iliade.

101 3276 196 3347 Atque
203 3276 347 3349 Augustus
358 3277 452 3349 etiam,
467 3296 530 3335 cum
542 3280 570 3335 in
579 3279 759 3350 expeditione
766 3277 930 3334 Cantabrica
941 3279 1061 3347 abesset,

101 3361 189 3417 literis
207 3359 351 3433 flagitasse
373 3363 486 3433 dicitur,
514 3370 544 3419 ut
558 3370 642 3435 poeta
660 3379 773 3419 carmen
787 3367 939 3419 maturaret
953 3362 1061 3433 ipsique

100 3445 231 3501 mitteret.
245 3462 275 3503 v.
290 3445 414 3503 Macrob.
430 3446 490 3505 Sat.
501 3447 524 3503 1.
543 3442 593 3508 24.
616 3451 645 3503 et
658 3447 758 3503 Donat.
774 3453 798 3516 s.
810 3443 863 3507 46.
905 3445 1072 3501 lli'xustern·
1148 3506 1150 3511 ,
