2326 3780
446 142 757 201 rnraouucrto.
1040 143 1078 199 Χ]

123 314 161 355 ne
175 297 305 368 cuiquam
320 295 375 352 deo
388 302 502 369 praeter
511 291 673 369 Apollinem
680 312 715 352 ec
730 294 776 351 dic
790 310 872 351 sacra
886 294 1001 362 fierent;
1015 294 1079 352 Divi

122 382 185 438 Iulii
198 383 299 437 testum
313 397 338 435 a.
354 380 381 435 d.
395 378 443 434 IV.
458 379 498 435 ld.
519 380 568 435 lul.
584 378 726 451 agendum
747 396 811 434 esse
826 377 1021 436 decreverunt.
1048 395 1077 435 v.

124 471 182 522 not
197 466 236 520 ccl
247 464 283 520 17.
298 464 332 519 V.
349 464 399 524 66.
434 462 564 520 Ceterum
581 463 749 520 Octavianus
771 461 899 518 eiusdem
920 464 985 518 anni
1000 462 1077 519 initio

125 548 274 610 Serviliam
294 564 413 604 uxorem
433 547 593 621 repudiavit
612 552 640 602 et
662 544 804 616 Clodiam,
817 546 935 602 Fuluiae
948 546 1034 602 filiam
1051 552 1079 601 et

124 633 163 689 nt
177 632 289 688 Antonii
302 632 478 705 privignam,
493 632 522 686 in
544 630 749 688 matrimonium
771 630 849 686 duxit
866 627 993 704 [Sueton
1007 630 1077 702 Aug.

124 714 204 791 62.];
225 733 278 772 nco
298 732 355 771 non
368 716 560 771 Fescenninos
575 716 604 771 in
619 716 774 771 Pollionem
787 715 860 770 lccit.
896 732 924 771 v.
942 715 1026 769 Voss.
1040 715 1081 770 ud

122 802 184 859 net
198 800 245 855 IV.
263 817 291 872 p.
307 799 379 859 171.
404 800 514 855 Eodem
533 805 660 872 tempore
681 815 774 856 novae
788 799 1024 870 proscriptionum
1035 802 1078 853 ta·

121 887 207 942 halae
222 884 314 940 editae
329 889 407 954 sunt,
422 885 450 939 in
464 885 564 955 quibus
578 889 691 955 praeter
712 884 782 939 alios
798 883 882 938 etiam
896 882 934 937 Μ.
947 882 1078 938 Valerius

121 970 272 1042 Messalla,
295 968 343 1039 qui
364 969 458 1039 paullo
481 974 544 1023 ante
566 968 595 1023 in
609 967 708 1023 Asiam
722 968 760 1023 ad
773 965 889 1022 Brutum
904 968 1078 1039 confugerat,

121 1055 205 1110 morti
228 1053 382 1109 destinatus
404 1058 472 1107 erat.
506 1069 535 1109 v.
550 1052 602 1107 Dio
617 1050 696 1108 Cass«
710 1050 806 1107 XLIX.
822 1049 887 1120 16.,
908 1051 1008 1107 Vellei.
1019 1051 1078 1105 Pat.

120 1138 157 1195 II.
171 1135 232 1207 80,
248 1136 331 1192 Voss.
346 1154 375 1208 p.
391 1133 472 1207 173,
484 1136 638 1192 Wcichert.
652 1137 683 1191 in
696 1136 809 1206 Poctar.
820 1135 882 1191 Lat
893 1137 953 1191 vitia
964 1152 993 1206 p.
1003 1131 1078 1195 361.

122 1227 152 1278 et
165 1220 352 1276 -Weissbeck
374 1221 473 1293 crispat
494 1220 530 1276 da
551 1219 587 1275 Μ.
616 1219 676 1277 Vnt
699 1219 778 1277 Corn.
800 1218 936 1276 Messalla
958 1216 1083 1293 [Altdorl

123 1302 229 1379 1639]
244 1322 272 1377 p·
287 1306 317 1364 7.
358 1304 456 1359 Mense
472 1304 541 1359 lulio
557 1320 611 1376 per
623 1309 710 1359 totam
723 1305 830 1360 Italiam
841 1302 906 1361 Div'i
920 1305 981 1359 iulii
996 1318 1080 1359 sacra

123 1389 254 1445 natalicia
267 1389 389 1459 primum
409 1389 551 1443 celebrata
570 1393 649 1457 sunt,
670 1392 753 1458 atque
776 1403 840 1443 cum
862 1386 931 1443 Galli
947 1385 1079 1458 Cisalpini

123 1488 196 1543 prae
221 1470 321 1525 ceteris
343 1468 494 1525 Gaesarem
520 1470 711 1537 interiectum,
737 1486 755 1525 a
775 1487 830 1541 quo
852 1472 963 1528 civitate
984 1471 1081 1528 donati

126 1559 223 1609 essent
243 1549 320 1625 [1161.Ι
334 1553 370 1611 V.
394 1551 461 1621 82,
489 1552 540 1606 Dio
563 1551 641 1607 Cass.
660 1552 728 1606 XLI.
748 1551 816 1624 36,
843 1553 927 1609 Voss.
941 1572 969 1625 p.
985 1552 1080 1628 250.],

125 1642 207 1710 grato
221 1636 314 1690 animo
327 1639 465 1703 colerent;
475 1635 610 1707 Virgilius
620 1636 649 1690 in
660 1635 743 1691 huius
756 1636 812 1691 diei
824 1638 960 1692 solemnia
970 1638 1081 1692 Eclo-

125 1737 205 1794 gam
226 1719 391 1791 quintam
417 1720 543 1792 scripsit,
572 1721 601 1775 in
621 1735 677 1790 qua
698 1721 749 1775 sub
770 1735 895 1791 persona
914 1719 1080 1791 Daphnidis,

123 1805 220 1877 magni
235 1805 307 1859 inter
319 1810 450 1877 pastores
465 1804 577 1873 herois,
594 1802 724 1860 Caesaris
738 1803 879 1859 interitum
894 1800 966 1877 [vss.
980 1801 1082 1864 20.-

122 1884 204 1964 444,
226 1887 393 1961 apotheosin
408 1883 591 1979 [nos-644
608 1893 635 1944 et
645 1904 728 1944 sacra
743 1888 880 1944 solemnia
895 1885 1079 1964 [65.-80.]

122 1974 231 2029 cecinit
270 1972 317 2028 Ad
339 1972 490 2029 Caesarem
511 1972 567 2029 hoo
588 1988 703 2029 carmen
726 1979 872 2044 spectare,
898 1974 955 2028 iam
975 1974 1082 2044 antiqui

122 2058 290 2129 interpretes
305 2057 499 2112 intellexerunt
513 2053 554 2130 [v.
569 2054 652 2113 Serv.
670 2057 710 2112 ad
723 2056 826 2113 nstv.
839 2054 888 2117 20.
901 2056 950 2117 29.
966 2064 994 2113 ct
1005 2055 1079 2132 56·]‚

123 2156 294 2213 quamquam
314 2142 361 2196 alii
382 2137 422 2214 [v.
447 2139 529 2198 Serv.
550 2142 589 2197 ad
606 2134 642 2196 Ε.
663 2139 698 2195 V.
715 2140 744 2200 1.
765 2147 793 2196 et
807 2139 869 2215 20.]
885 2148 933 2196 aut
947 2141 1079 2198 Flaccum

122 2224 233 2297 Virgilii
256 2227 385 2293 tratrem,
406 2231 453 2280 aut
468 2223 755 2292 QuintiliumsVarum
781 2223 1000 2281 Cremonensem
1019 2223 1081 2299 {qui

123 2325 198 2366 anno
219 2306 290 2368 730.
312 2308 427 2363 demum
447 2310 528 2379 obiit,
562 2326 591 2366 v.
612 2307 690 2363 Iahn
710 2310 749 2365 ad
767 2308 840 2365 Hor.
866 2308 915 2365 Oti.
938 2309 959 2363 L
981 2308 1031 2369 16.
1053 2315 1082 2366 ct

122 2393 277 2449 Weichcrt
295 2393 329 2448 de
341 2391 374 2447 L.
397 2391 476 2449 Varii
487 2399 514 2449 et
527 2393 616 2450 Cuncti
628 2392 725 2448 Pnrm.
739 2395 794 2448 atta
808 2410 836 2464 p.
850 2389 936 2468 133]
952 2395 1079 2450 celebra-

123 2484 182 2533 tum
211 2494 275 2533 esse
302 2476 490 2533 crediderunt
518 2494 547 2534 v.
567 2475 652 2532 Voss.
673 2494 702 2549 p.
725 2473 796 2537 233.
824 2481 852 2531 et
871 2476 1028 2533 Buttmann.
1050 2478 1080 2534 in

124 2561 235 2634 Scrtptt
250 2561 338 2616 Acori
359 2562 396 2615 tn.
412 2562 506 2618 Barcl.
524 2558 617 2621 1815.
631 2560 664 2616 ΙΙ.
679 2578 708 2633 p.
723 2556 772 2622 24.
790 2558 920 2617 Ceterum
933 2563 983 2619 vix
998 2562 1080 2618 dubi-

122 2650 183 2701 tare
198 2645 277 2714 licet,
300 2645 366 2715 quin
386 2645 458 2701 inter
477 2646 541 2717 ipsa
554 2661 637 2701 sacra
650 2646 772 2717 primurn
786 2647 927 2702 celebrata
946 2645 1001 2701 hoc
1016 2662 1079 2702 car-

123 2746 190 2785 men
210 2730 245 2783 sit
266 2728 387 2797 editum,
409 2744 579 2801 quamquam
592 2729 713 2785 Vossius
728 2735 755 2785 et
768 2728 947 2785 Weichertus
971 2731 988 2784 l.
1003 2745 1029 2786 c.
1049 2730 1080 2785 id

123 2830 199 2869 anno
214 2810 285 2872 713.
301 2812 414 2869 domum
427 2813 560 2885 scriptum
576 2830 641 2870 esse
654 2819 784 2869 statuunt.
811 2813 890 2870 Idem
902 2812 1080 2871 hauddubie
1116 2882 1121 2893 Ι

122 2898 219 2970 paullo
241 2902 305 2969 post
324 2912 381 2952 una
401 2912 466 2952 cum
486 2896 612 2954 secundo
630 2903 658 2953 et
678 2899 759 2954 tertio
779 2898 903 2954 carmine
925 2896 1078 2956 Octaviano

123 2982 240 3037 missum
252 2986 302 3036 est
316 2979 435 3037 Videtur
445 2982 520 3037 enim
532 2982 667 3054 Virgilius
677 2983 716 3038 illi
728 2983 806 3054 prius
818 2981 981 3052 innotuisse,
995 2999 1080 3056 quam

123 3081 198 3121 anno
218 3065 347 3137 proximo
368 3066 404 3122 ab
426 3082 461 3121 eo
483 3066 545 3138 agri
559 3067 603 3121 sui
613 3067 800 3139 integritatem
811 3066 981 3137 impetraret.
1013 3069 1080 3125 Post

123 3147 207 3204 ludos
226 3149 407 3221 Apollinares
435 3149 540 3207 Cacsar
558 3150 728 3208 Octavianus
749 3155 776 3206 et
795 3150 833 3205 Μ.
852 3148 992 3207 Antonius
1013 3169 1079 3209 cnm

123 3232 249 3288 exercitu
263 3238 359 3288 contra
373 3232 410 3289 M.
423 3234 483 3289 Iun
498 3233 614 3291 Brutum
635 3241 664 3291 et
678 3232 708 3292 G.
725 3220 857 3291 Cassium'
870 3236 989 3307 prolccti
1003 3242 1078 3306 sunt,

123 3322 152 3372 et
165 3322 313 3373 auctumno
329 3325 448 3375 exeunte
462 3318 501 3375 ad
514 3317 658 3390 Philippos
671 3324 827 3391 pugnatum
841 3324 907 3374 cst‘
921 3317 961 3375 Cl.
978 3320 1077 3391 Georp.

122 3400 144 3457 1.
158 3395 230 3461 489.
240 3400 342 3457 Brutus
357 3409 384 3458 et
398 3401 511 3458 Cassius
521 3403 676 3475 perierunt,
690 3418 844 3474 corumque
856 3402 999 3457 exercitus
1009 3418 1081 3474 par·
1093 3449 1095 3453 .
