2340 4296
150 676 228 747 ‘2³0
436 678 468 739 P.
489 676 649 739 virtulem
670 675 844 737 MARONlS

163 832 285 896 Misceri
298 837 391 909 putet,
406 830 520 889 aenam
534 831 590 890 sed
604 828 721 905 gurgite
735 829 774 889 ab
789 832 849 890 alto

163 918 271 993 Urgeri
287 918 443 976 volucrum
457 928 616 975 raucarmn
630 914 671 972 ad
684 914 773 974 litora
786 914 908 974 nubem.
1078 926 1128 981 'lbi

204 1004 285 1063 Ecce
300 1000 481 1061 Sabinorum
495 998 598 1073 prisco
614 999 654 1057 de
668 998 816 1073 sanguine
830 1014 975 1073 magnum

162 1088 282 1163 hymen
296 1100 392 1161 egeas
406 1083 544 1153 Clausus,
559 1081 723 1157 magnique
738 1082 806 1159 ipse
820 1082 952 1157 agminis
969 1084 1082 1157 instar,

162 1170 291 1232 claudia
303 1184 384 1229 nunc
398 1184 417 1227 a
431 1182 494 1243 quo
509 1164 688 1226 dillimditur
700 1174 731 1228 ct
744 1166 840 1227 tribus
855 1175 885 1226 et
899 1182 980 1242 gens

162 1254 219 1315 Per
231 1254 357 1327 Latium,
373 1260 538 1329 postquam
551 1251 583 1310 in
597 1256 714 1325 partem
729 1251 800 1311 data
815 1250 912 1311 Roma
927 1250 1073 1317 Sabinis.

161 1340 231 1399 Una
244 1340 352 1414 ingens
366 1336 524 1396 Amiterna
537 1334 649 1393 cohors
664 1336 821 1411 priscique
836 1336 981 1409 Quirites
1082 1348 1131 1405 tro

161 1424 242 1483 Ereti
257 1436 367 1482 manus
381 1419 481 1479 omnis
495 1418 714 1495 oliviferaeque
727 1419 894 1491 Mutuscae,

163 1508 218 1582 Qui
233 1507 412 1566 Nomentum
425 1502 540 1577 urbem,
555 1502 606 1577 qui
620 1502 724 1563 Rosea
737 1520 808 1563 rura
821 1503 932 1576 Velini,

162 1590 219 1665 Qui
232 1590 368 1649 Tetricae
383 1588 543 1647 horrentes
557 1601 651 1661 rupes
665 1594 860 1661 montemque
874 1588 1034 1651 Severum

165 1668 404 1749 Casperiamque
418 1672 521 1731 colunt
534 1670 724 1746 Forulosque
738 1678 769 1731 et
783 1670 895 1731 flumen
910 1672 1082 1755 Himellae,

163 1757 219 1831 Qui
233 1755 378 1832 Thybrim
390 1754 593 1831 Fabarimque
606 1753 721 1829 bibunt,
737 1771 816 1831 quos
831 1755 944 1829 frigida
959 1760 1051 1823 misit
1084 1770 1131 1827 715

162 1841 281 1917 Nursia,
297 1848 327 1899 et
340 1840 484 1900 Hortinae
498 1840 616 1900 classes
631 1839 799 1915 populique
811 1840 916 1912 Latini,

164 1926 310 2001 Quosque
324 1939 435 1985 secans
449 1924 612 1985 infaustum
626 1922 759 1983 interluit
771 1924 852 1983 Allia
867 1939 1001 1985 nomene

163 2010 259 2083 Quam
273 2009 356 2069 multi
371 2008 487 2085 Libyco
503 2009 666 2069 volvuntur
681 2023 830 2067 marmore
845 2006 970 2084 lluclus,

163 2092 284 2154 Saevus
298 2093 348 2155 ubi
364 2092 457 2154 Orion
471 2092 606 2151 hibernis
621 2092 761 2151 conditur
774 2092 874 2164 undis,

162 2178 221 2238 Vel
236 2194 328 2251 quum
344 2180 410 2237 sole
425 2192 508 2257 novo
523 2176 640 2235 densae
653 2182 805 2235 torrentur
818 2176 930 2235 aristae
1084 2192 1132 2249 'iit

163 2262 225 2323 Aut
238 2262 339 2321 Hermi
356 2277 464 2337 campo
480 2268 531 2321 aut
544 2260 658 2336 Lyciae
672 2258 855 2319 flaventibus
869 2260 966 2321 arvis.

164 2348 258 2407 Scuta
271 2348 389 2419 sonant,
404 2348 557 2420 pulsuque
573 2344 685 2419 pedum
700 2344 862 2404 conterrita
877 2345 981 2406 tellus.

205 2432 283 2490 Hine
297 2430 567 2504 Agamemnonius,
578 2428 698 2487 Troiani
713 2428 844 2488 nominis
859 2428 971 2503 hostiS,

163 2514 260 2575 Curru
273 2514 367 2589 iungit
381 2514 531 2577 Halaesus
546 2527 654 2588 equos,
668 2513 831 2588 Turnoque
846 2513 970 2574 ieroccs

162 2599 245 2659 Mille
258 2598 338 2673 rapit
352 2598 494 2673 populos,
509 2604 629 2657 vertunt
643 2596 743 2656 l'elicia
756 2596 879 2656 Baccho
1084 2612 1129 2667 725

162 2682 297 2743 hlassica
312 2683 363 2757 qui
377 2682 493 2753 rastris,
509 2688 539 2741 et
554 2698 633 2757 quos
648 2682 687 2741 dc
701 2681 831 2741 collibus
847 2681 915 2740 altis

162 2768 296 2827 Aurunci
312 2767 422 2826 misere
437 2774 539 2841 patres
555 2764 752 2841 Sidicinaque
767 2766 860 2825 iuxta·

162 2852 317 2925 Aequora,
333 2851 446 2927 quique
461 2851 548 2911 Cales
563 2850 711 2925 linquunt,
726 2850 886 2924 amnisque
900 2850 1019 2913 vadosi

162 2936 280 2995 Accola
292 2936 440 3009 Vulturni,
456 2936 632 3010 pariterque
646 2933 797 2993 Saticulus
813 2948 905 3010 asper

163 3017 373 3095 Oscommque
387 3034 506 3079 manus.
539 3018 662 3076 Teretes
678 3026 748 3077 sunt
762 3018 889 3095 aclydes
905 3017 967 3079 illis
1083 3034 1130 3089 :aa

161 3103 249 3175 Tela;
273 3104 329 3163 secl
343 3103 420 3163 haec
436 3103 516 3162 lento
530 3116 599 3159 mos
615 3106 661 3159 est
676 3110 782 3177 aptare
796 3102 927 3177 llagello.

161 3187 281 3249 Lacvas
296 3194 398 3247 caetra
410 3186 498 3260 tegit3
521 3184 621 3243 iolcati
636 3187 806 3247 comminus
821 3201 922 3246 cuscs.

202 3272 264 3331 Nec
278 3280 311 3332 tu
326 3270 508 3330 carminibus
524 3270 636 3328 nostris
651 3269 782 3331 indictus
798 3270 906 3341 abibis,

163 3354 286 3429 bahale,
304 3370 394 3430 quem
409 3368 576 3427 generasse
589 3353 683 3413 Telon
699 3354 865 3415 Sebethide
879 3355 1026 3431 nympha

160 3440 275 3513 Fertur,
290 3438 454 3499 Teleboum
470 3438 604 3513 capreas
619 3455 712 3513 quum
726 3454 820 3514 regna
834 3446 960 3513 teneret,
1083 3454 1130 3511 7³5
1159 3443 1162 3487 i

161 3524 224 3584 lam
238 3524 358 3593 senior;
381 3522 485 3596 patriis
501 3520 632 3583 sednon
648 3528 678 3581 et
692 3523 774 3583 lilius
786 3524 869 3583 arvis

161 3608 336 3678 Contentus,
353 3607 413 3667 late
427 3606 487 3665 ium
500 3614 564 3667 tum
579 3606 700 3666 dicione
715 3608 873 3683 premebat

160 3692 317 3751 Sarrastes
334 3690 475 3767 populos,
491 3698 521 3751 et
535 3706 614 3765 quac
628 3691 705 3765 rigat
718 3705 854 3765 aequom
869 3691 1001 3768 Sarnus,

160 3774 279 3851 Quique
298 3776 410 3836 Rulras
424 3776 625 3851 Batulumque
643 3782 746 3835 tenent
760 3782 853 3849 atque
866 3790 941 3834 arsa
958 3776 1130 3855 Celennae,

159 3860 196 3921 Et
211 3875 290 3935 quos
305 3860 459 3921 maliferae
474 3860 654 3936 despectant
667 3858 789 3918 moenia
802 3859 945 3919 Abellae=
1082 3878 1131 3935 740

155 3946 323 4014 Teutonico
339 3946 399 4011 ritu
412 3944 496 4009 soliti
508 3952 655 4020 torquere
667 3942 801 4009 cateias,
