2326 3780
133 215 195 283 1⁵4
328 298 333 317 ι
401 212 869 311 ι).010013001300318κ
944 202 949 223 ·

79 378 85 388 ’
131 368 241 449 „Mene
252 366 354 443 lugist
367 365 424 426 Per
438 382 496 442 ego
508 367 565 428 has
579 367 721 427 lacrimas
736 366 937 443 dextramque
947 375 1035 429 tuam
1046 376 1090 429 te-

131 451 279 532 „Quando
295 449 378 511 aliud
391 450 465 511 mihi
478 452 539 511 iam
552 452 683 513 miserae
697 450 772 511 nihil
785 453 857 528 ipsa
867 452 1005 528 reliqui,
1037 461 1091 517 313

131 537 208 615 „Per
223 536 377 597 connubia
389 542 502 612 nostre,
516 552 574 612 per
587 537 729 612 inceptos
742 535 949 615 Hymenaeos,

130 621 186 700 „Si
200 622 279 682 bene
295 620 370 696 quid
383 620 424 680 de
437 627 468 681 te
482 621 587 695 merui,
602 620 658 695 luit
671 626 723 680 aut
736 618 791 681 tibi
805 620 974 697 quidquam

130 706 247 783 „Dulce
259 721 368 778 meum,
383 704 529 765 miserere
542 704 653 764 domus
667 703 796 766 labentis
811 710 843 765 et
854 704 953 779 istam,

130 789 222 869 ,‚0ro,
238 790 264 849 si
280 789 349 865 quis
362 788 464 849 adhue
478 789 622 865 precihus
636 789 733 863 locus,
748 804 828 850 exue
842 794 984 877 meptem.

130 875 192 952 „Te
205 880 333 949 propter
345 870 481 947 Libycae
495 879 602 948 gentes
615 871 847 949 Nomadumque
860 873 985 950 tyranni
1036 883 1092 939 330

130 957 260 1036 „Odere
276 955 387 1017 infensi
400 955 501 1033 l'yrii;
519 963 550 1017 te
563 963 691 1033 propter
706 957 847 1017 eumdem

130 1042 326 1120 „Exstinctus
341 1038 444 1115 pudor
457 1047 496 1115 et,
512 1056 575 1116 qua
589 1042 656 1101 sola
670 1041 774 1102 sidera
787 1040 918 1116 adibam,

130 1126 245 1202 „Fama
258 1125 351 1198 prior.
380 1123 433 1184 Cui
447 1139 496 1184 me
511 1124 723 1185 moribundam
738 1124 867 1200 deseris,
884 1124 1013 1199 hospes,

130 1209 217 1286 „Hoc
232 1208 331 1268 solum
345 1222 456 1267 nomen
471 1208 616 1283 quoniam
631 1210 670 1269 dc
684 1210 815 1284 coniuge
828 1215 943 1269 restatt

130 1290 229 1369 „Quid
240 1296 365 1351 morort
378 1307 427 1368 an,
439 1308 508 1351 mea
514 1292 693 1371 Pygmalion
706 1294 778 1354 dum
789 1292 912 1353 moenia
921 1293 1017 1352 frater
1036 1300 1092 1357 303

129 1376 302 1452 „Destruet
316 1381 369 1436 aut
382 1382 503 1455 captam
518 1376 610 1437 ducat
625 1377 771 1439 Gaetulus
786 1375 913 1436 larbasi

130 1458 266 1536 „Saltem
282 1458 309 1520 si
324 1475 386 1536 qua
399 1460 473 1521 nihi
488 1462 527 1521 de
541 1468 571 1520 te
585 1467 731 1536 suscepta
745 1460 856 1521 luisset

129 1544 230 1620 „Ante
244 1544 348 1618 lugam
361 1544 497 1621 suboles,
513 1545 541 1606 si
557 1544 625 1620 quis
639 1544 711 1605 mihi
726 1545 872 1622 parvulus
886 1542 956 1603 aula

129 1627 282 1704 „Luderet
294 1628 428 1704 Aeneas,
444 1628 496 1705 qui
510 1635 656 1691 letamen
671 1643 725 1689 ore
739 1628 883 1696 referrem

130 1712 217 1787 „Non
231 1711 375 1788 equidem
389 1713 512 1773 omnino
528 1720 618 1790 capta
631 1728 669 1774 ac
684 1711 807 1772 deserta
820 1711 973 1771 viderer.“
1036 1719 1091 1775 330

24 1866 27 1871 .
67 1832 73 1844 ·
129 1795 272 1866 Dixerat;
294 1795 345 1856 ille
358 1796 442 1857 Iovis
456 1797 579 1859 monitis
593 1797 718 1858 immota
732 1796 855 1856 tenebat

128 1878 267 1955 Lumina,
282 1886 313 1940 et
326 1880 458 1941 obnixus
474 1895 578 1941 curam
592 1880 651 1941 sub
668 1881 763 1940 corde
777 1878 944 1954 premebat.

128 1964 264 2027 Tandem
280 1978 381 2042 pauca
393 1964 500 2023 refert:
519 1963 606 2039 „Ego
621 1969 661 2040 te,
677 1979 757 2040 quae
770 1962 902 2038 plurima
915 1962 1009 2021 laudo

129 2048 336 2124 „Enumerare
350 2050 446 2124 vales,
461 2063 637 2125 numquam,
650 2048 765 2126 regina,
780 2044 900 2124 negabo

129 2132 355 2209 „Pmmeritam
370 2148 427 2193 nee
441 2147 490 2193 me
503 2133 680 2195 meminisse
695 2133 810 2209 pigebit
821 2131 950 2207 Elissae,
1034 2138 1088 2195 333

128 2216 228 2293 „Dmn
243 2232 360 2279 memor
373 2216 442 2291 ipse
455 2217 524 2291 mei,
544 2217 617 2278 dum
631 2217 755 2293 spiritus
770 2216 829 2277 hos
843 2215 921 2291 regit
935 2220 1030 2275 artus.

129 2298 207 2375 „Pro
219 2316 253 2359 re
263 2316 364 2375 pauca
374 2299 493 2376 loquar.
514 2300 621 2378 Neque
635 2317 693 2376 ego
705 2300 784 2361 hanc
799 2299 992 2361 abscondere
1004 2300 1086 2361 furto

129 2380 582 2459 ‚,Speravi-ne'liuge·lugam,
597 2400 655 2445 uec
669 2384 810 2459 coniugis
824 2398 969 2459 umquam

128 2464 307 2543 „praetendi
321 2465 439 2542 taedas,
454 2473 505 2527 aut
518 2467 596 2527 haec
610 2468 641 2527 in
657 2467 784 2527 foedera
797 2466 878 2527 veni.

128 2548 199 2626 „ille
214 2548 240 2608 si
256 2549 318 2609 iata
331 2550 407 2610 meis
422 2556 599 2625 paterentur
613 2550 725 2611 ducere
741 2551 832 2610 vitam
1031 2558 1086 2615 elo

130 2632 307 2709 „Auspiciis
323 2639 353 2693 et
368 2641 480 2709 sponte
493 2648 562 2693 mea
575 2649 761 2710 componere
777 2649 884 2706 curas;

129 2715 262 2793 „Urbem
274 2716 436 2776 troianum
449 2717 581 2794 primum
594 2718 764 2794 dulcesque
777 2733 916 2779 meorum

128 2799 307 2877 „Reliquias
322 2799 463 2875 colerem,
477 2799 587 2861 Prieni
601 2808 682 2863 tecte
695 2804 755 2862 ulta
768 2806 934 2879 manerent,

128 2883 187 2961 „tlt
199 2883 337 2945 recidiva
349 2900 439 2945 mauu
452 2886 630 2963 posuissem
643 2885 791 2961 Pergama
804 2884 904 2951 vietis.

128 2966 214 3044 „Sed
227 2983 308 3029 nuno
321 2968 439 3029 Italiam
451 2985 593 3047 magnam
608 2970 749 3049 Gryneus
763 2969 887 3045 Apollo,
1030 2976 1083 3033 343

128 3051 264 3128 „ltaliam
277 3052 393 3132 Lyciae
406 3052 525 3115 iussere
539 3068 705 3130 capessere
720 3059 835 3114 sortes=

128 3134 206 3212 „Hic
220 3151 314 3212 amor,
330 3137 407 3199 haec
420 3138 519 3214 patria
533 3145 590 3199 est
618 3136 652 3198 Si
665 3144 695 3200 te
710 3136 899 3212 Carthaginis
914 3152 1013 3213 arces,

128 3218 357 3297 „Phoenissam
370 3220 568 3299 libycaeque
583 3220 749 3297 adspectus
763 3220 877 3282 detinet
890 3220 991 3283 urbis:

128 3302 232 3377 „Quae
245 3305 377 3380 undem,
391 3305 531 3367 Ausonia
542 3304 676 3366 Teucros
691 3304 852 3366 considere
865 3311 956 3381 terra,

127 3386 266 3460 „Invidia
279 3394 348 3450 estt
372 3388 410 3449 Et
423 3403 482 3451 nos
497 3388 545 3450 ias
560 3395 666 3451 extera
680 3404 827 3465 quaerere
840 3403 945 3463 regna.
1030 3397 1086 3454 350

117 3468 193 3545 „Me
201 3471 304 3551 patris
319 3469 490 3553 Anchisae,
506 3472 629 3555 quoties
639 3472 841 3535 humentibus
849 3470 971 3530 umbris
