2340 4296
370 677 711 765 mammertus.
767 683 769 687 ·
954 679 1017 747 rar

57 835 165 913 „Ultor
178 833 239 895 eris
254 847 388 902 mecnm;
411 837 472 906 aut,
487 831 585 906 operit
598 830 624 890 si
639 832 722 891 nulle
735 832 817 895 viam
829 834 887 907 vis,

57 917 249 995 „Occumbes
264 917 392 993 pariter:
414 930 515 991 neque
529 915 619 989 enim,
635 915 809 993 fortissime,
824 919 928 992 oredo,
965 927 1018 985 eoo

56 1004 168 1077 „Iussa
182 1002 282 1063 alienu
295 1000 359 1077 pati
375 1007 406 1061 et
419 999 561 1059 dominos
577 999 744 1074 dignabere
757 1001 921 1063 Teucros.“

56 1087 148 1161 Dixit,
165 1094 195 1146 et
209 1093 357 1161 exceptus
372 1091 457 1163 tergo
473 1090 622 1144 consueta
635 1084 749 1145 locavit

56 1170 202 1243 Membra,
218 1184 390 1244 manusque
404 1167 511 1228 ambas
526 1167 634 1228 iaculis
649 1171 787 1229 oneravit
800 1169 907 1252 acutis,

44 1259 138 1315 ,Aere
152 1263 244 1330 caput
258 1254 379 1329 lulgeus
395 1254 548 1327 cristaque
563 1251 698 1313 hirsutus
712 1253 834 1327 equina.

57 1339 109 1399 Sic
123 1355 244 1399 cursum
259 1339 290 1397 in
304 1337 424 1398 medios
438 1337 566 1412 rapidus
580 1337 680 1399 dedit:
702 1346 822 1399 aestuat
835 1338 943 1415 ingens
966 1344 1022 1403 87⁰

55 1423 123 1484 Uno
139 1423 169 1481 in
185 1423 280 1483 corde
295 1422 404 1497 pudor,
421 1423 577 1497 mixtoque
592 1421 711 1481 insania
724 1423 815 1497 luctu,

56 1506 106 1581 [Et
120 1507 206 1567 iuriis
222 1507 353 1581 agitatus
368 1522 455 1565 amor
468 1514 498 1565 et
512 1506 638 1565 conscia
652 1507 770 1579 virtus]

54 1595 158 1666 Atque
172 1591 222 1651 hic
236 1593 363 1651 Aenean
378 1606 490 1664 magna
502 1596 548 1650 ter
563 1606 640 1650 voce
653 1592 786 1652 vocavit.

56 1677 179 1735 Aeneas
195 1675 320 1750 ognovit
334 1691 412 1745 eum,
428 1675 589 1749 laetusque
604 1682 759 1750 precatum

56 1757 127 1835 „Sic
142 1766 229 1834 pater
241 1758 293 1818 ille
308 1758 401 1817 derim
415 1758 515 1831 iaciat,
532 1758 577 1817 sic
591 1759 670 1818 altus
681 1756 811 1835 Apollo!
965 1765 1018 1822 875

56 1842 210 1919 „Incipias
225 1844 364 1901 conlerre
380 1845 531 1900 manum.“

56 1926 183 1987 Tantum
197 1924 317 1997 elletuS,
334 1932 365 1984 et
380 1924 490 1984 inlesta
503 1924 586 1985 subit
600 1925 709 1985 obvius
725 1926 822 1985 hasta.

56 2011 111 2069 ille
126 2016 242 2069 autern:
265 2009 363 2082 „Quid
377 2024 434 2081 me,
451 2015 566 2084 erepto,
583 2010 860 2084 saevissimarum

56 2093 206 2170 „Terresl
226 2093 310 2152 Haec
324 2093 375 2151 via
389 2092 458 2151 sola
473 2093 537 2167 luit,
554 2108 614 2167 qua
629 2092 759 2167 perdere
773 2108 896 2167 posses.

57 2178 138 2253 „Nec
153 2185 281 2237 mortem
295 2177 466 2259 horremus
481 2191 538 2235 nec
554 2176 658 2236 divum
674 2176 826 2251 parcimus
843 2177 904 2235 ulli.
965 2186 1018 2241 88⁰

57 2262 206 2337 ,‚Desine=
229 2276 299 2320 nam
315 2261 404 2320 venio
420 2260 591 2333 moriturus,
608 2268 638 2320 et
651 2260 728 2319 haec
743 2260 796 2320 tibi
810 2268 900 2336 porto

57 2346 165 2419 „Dona
180 2346 294 2421 prius.“
329 2345 420 2419 Dixit,
435 2345 591 2418 telumque
605 2345 723 2405 intorsit
736 2345 767 2403 in
783 2344 912 2405 hostem.

56 2430 133 2489 inde
147 2430 230 2490 aliud
246 2435 447 2505 superatque
462 2429 544 2489 aliud
559 2429 694 2506 figitque,
709 2430 855 2503 volatque

57 2514 174 2588 Ingenti
189 2529 283 2591 gyro;
307 2513 363 2573 sed
379 2513 510 2573 sustinet
523 2529 634 2573 aureus
650 2513 751 2573 umbo.

58 2597 116 2656 Ter
130 2598 243 2659 circum
258 2599 429 2658 adstantem
444 2599 550 2657 laevos
566 2599 713 2672 equitavit
727 2598 759 2657 in
773 2596 874 2671 orbes,
966 2605 1021 2661 885

57 2682 130 2741 Tela
144 2698 234 2742 manu
250 2683 381 2752 iaciens;
404 2689 451 2742 ter
465 2697 569 2742 secum
583 2682 691 2742 Troius
705 2682 799 2742 heros

58 2766 224 2825 immanem
237 2774 341 2827 aerato
356 2768 529 2827 circumfert
543 2767 674 2841 tegmine
688 2767 807 2827 silvam.

57 2850 134 2909 inde
149 2849 200 2910 ubi
215 2857 260 2910 tot
273 2851 405 2911 traxisse
419 2867 531 2925 moras,
548 2858 592 2911 tot
607 2851 727 2927 spicula
741 2852 844 2912 taedet

57 2933 189 3005 Vellere,
205 2941 236 2994 et
248 2941 393 3010 urguetur
408 2952 511 3011 pugna
526 2951 712 3011 congressus
727 2936 847 3017 iniqua3

57 3016 153 3078 Multa
166 3034 295 3079 movens
310 3019 422 3089 animo,
438 3020 498 3079 ium
512 3021 635 3081 tandem
650 3021 789 3101 erumpit,
804 3028 835 3081 et
848 3022 926 3082 inter
965 3029 1020 3085 890

57 3101 221 3162 Bellatoris
235 3102 307 3178 eqni
322 3118 399 3162 cava
414 3110 552 3180 tempora
566 3105 689 3165 coniicit
702 3105 831 3165 hostum.

10 3228 13 3245 .
28 3194 33 3203 '
57 3186 147 3246 Tollit
161 3202 197 3247 se
210 3194 361 3247 arrectum
377 3188 553 3264 quadrupes
569 3197 598 3249 et
612 3189 747 3251 calcibus
762 3206 853 3250 auras

10 3290 22 3371 p
51 3270 215 3343 Verberat,
232 3271 425 3346 effusumque
440 3274 572 3347 equitem
587 3289 681 3350 super
694 3275 763 3350 ipse
777 3280 901 3335 secutus

17 3406 23 3417 .
56 3354 204 3431 implicat,
220 3356 380 3430 eiectoque
394 3356 539 3416 incumbit
554 3372 684 3418 cernuus
699 3374 795 3418 anno.

59 3440 198 3500 Clamore
212 3441 378 3501 incendunt
392 3441 513 3501 coelum
526 3442 683 3517 Troesque
697 3442 867 3517 Latinique.
965 3446 1019 3503 895

57 3524 193 3585 Advolat
206 3527 339 3600 Aeneas,
353 3526 527 3602 vaginaque
542 3526 632 3600 cripit
646 3540 760 3599 ensem,

10 3624 12 3629 ·
57 3606 96 3667 Et
111 3623 204 3682 super
218 3608 310 3669 huee=
331 3609 409 3685 „Ubi
424 3625 505 3670 nunc
519 3609 687 3669 Mezentius
701 3623 774 3668 acer
786 3615 816 3668 et
829 3606 882 3667 illa

58 3688 181 3763 „Effera
194 3692 242 3751 vis
257 3693 349 3753 animi
355 3699 389 3753 ψ·
411 3694 524 3754 Contra
536 3694 721 3770 Tyrrhenus,
735 3684 769 3752 ut
782 3706 873 3752 auras

59 3772 239 3848 Suspicione
254 3776 355 3837 hausit
368 3779 490 3838 coelum
503 3784 697 3853 mentemque
709 3776 840 3852 recepit=

58 3857 184 3933 „Hostis
199 3874 310 3929 amare,
327 3862 402 3936 quid
415 3862 580 3938 increpitas
595 3870 784 3938 mortemque
798 3860 948 3921 minutos
968 3866 1032 3919 w

57 3941 198 4019 „Nullum
212 3943 243 4003 in
259 3945 355 4005 caedo
369 3946 466 4023 nelos,
482 3962 540 4009 nec
556 3948 603 4010 sic
618 3946 661 4010 ad
674 3947 802 4026 proelia
812 3943 905 4015 seni,
