2326 3780
424 108 643 177 GEORGICON
663 111 736 173 LlB.
750 111 773 171 Ι.
937 169 940 177 ,
1032 110 1074 177 37

122 267 160 327 Et
175 266 243 327 sola
256 264 288 324 in
302 265 386 325 sicca
400 279 505 327 secum
520 264 669 340 spatiatur
681 279 784 325 arena

122 351 167 412 Ne
181 355 330 411 nocturna
344 349 468 425 quidem
483 354 644 425 carpentes
658 363 759 424 pensa
771 347 891 423 puellae
1023 357 1074 413 aiu

122 435 288 496 Nesoivere
302 433 441 506 hiemem,
457 439 536 494 testa
551 449 644 508 quum
658 433 784 493 ardente
800 431 937 495 viderent
986 499 989 506 ,

124 519 294 582 Scintillare
308 519 409 580 oleum
423 524 453 578 ot
465 524 571 594 putres
587 530 787 578 concrescere
801 516 923 592 fungos.

164 604 227 663 Nec
241 603 340 665 minus
354 618 394 663 ex
408 601 496 663 imbri
511 603 596 663 soles
610 608 640 663 et
654 607 761 677 aperta
775 615 887 661 serena

122 689 304 765 prospicere
317 694 348 749 et
362 687 452 748 certis
466 687 583 762 poteris
599 699 788 762 cognoscere
803 684 909 760 signis.

76 793 79 797 ·
123 773 198 834 Nam
212 788 312 847 neque
324 779 389 834 tum
403 771 498 832 stellis
514 772 598 833 acies
612 770 725 834 obtusa
737 769 866 844 videtur,
1023 776 1074 833 tit

122 858 184 918 Nec
200 857 300 918 fratris
314 857 410 918 radiis
425 856 560 917 obnoxia
574 871 701 932 surgere
714 855 808 928 Luna,

121 943 235 1004 Tenuia
249 957 306 1003 nec
320 943 409 1003 lanae
423 957 480 1017 per
494 942 613 1006 coelum
626 941 743 1001 vellera
756 939 842 1009 terria

120 1028 188 1088 Non
201 1027 339 1103 tepidum
354 1026 394 1086 ad
409 1026 506 1087 solem
520 1041 638 1101 pennas
653 1024 685 1087 in
699 1024 788 1096 litore
801 1023 941 1099 pandunt
1005 1090 1008 1097 ,

120 1113 256 1172 Dilectae
269 1111 388 1171 Thetidi
404 1111 562 1186 alcyones,
577 1127 639 1171 non
655 1125 709 1171 ore
725 1109 843 1171 solutos
913 1100 936 1147 ⁸

120 1196 272 1257 lnuururdi
285 1195 452 1256 meminere
465 1210 539 1255 sues
553 1194 667 1255 iactare
677 1193 839 1269 maniplos.
1024 1200 1076 1254 400

122 1280 167 1338 At'
176 1279 307 1339 nebulae
321 1278 419 1352 magis
434 1278 496 1337 ima
509 1284 616 1353 petunt
630 1292 802 1352 campoque
815 1275 1001 1351 recumbunt,

123 1362 205 1422 Solis
221 1368 251 1419 et
265 1375 410 1421 occasum
424 1376 553 1420 servans
568 1361 608 1420 de
622 1361 753 1419 culmine
766 1376 884 1422 summo

122 1444 341 1518 Nequidquam
355 1459 443 1503 seros
458 1449 581 1503 exercet
594 1448 707 1504 noctua
720 1450 843 1512 cantus;

123 1529 264 1603 Apparet
277 1524 394 1602 liquido
410 1525 548 1587 sublimis
562 1527 593 1587 in
608 1531 680 1587 aere
693 1526 794 1598 Nisus,

123 1612 161 1670 Et
175 1624 232 1686 pro
247 1624 403 1686 purpureo
418 1625 536 1687 poenas
552 1611 605 1671 dat
619 1609 724 1686 Scylla
737 1608 862 1685 capillo·
1026 1614 1077 1669 too

124 1695 322 1771 Quacumque
335 1694 387 1756 illa
400 1695 501 1755 levem
515 1694 635 1770 fugiens
650 1699 736 1755 secet
749 1692 872 1753 aethera
885 1692 1004 1767 pennis,

122 1780 204 1841 Ecce
218 1778 366 1854 inimicus,
381 1786 479 1852 atrox,
494 1795 606 1854 magno
622 1779 753 1839 stridore
767 1792 824 1854 per
837 1791 927 1837 auras

123 1863 299 1940 Insequitur
312 1863 419 1935 Nisus;
444 1879 506 1940 qua
520 1879 556 1923 sc
570 1864 629 1923 lert
642 1862 735 1923 Nisus
750 1862 791 1923 sd
805 1877 906 1934 auras,

121 1950 177 2009 Illa
190 1948 290 2008 levem
304 1948 424 2024 fugiens
439 1948 550 2024 raptim
564 1954 650 2009 secat
663 1947 788 2007 aethera
801 1946 941 2022 pennis-3

120 2034 196 2092 Tum
210 2032 344 2108 liquidas
359 2033 444 2093 corvi
458 2048 569 2109 presso
583 2039 630 2093 ter
643 2038 763 2107 gutture
776 2045 873 2091 voces
1023 2035 1077 2091 41⁰

120 2120 184 2178 Aut
198 2123 307 2193 quater
320 2117 514 2192 ingeminant
530 2124 561 2178 et
575 2132 669 2193 saepe
684 2115 835 2178 cubilibus
851 2113 928 2188 citis,

120 2201 233 2263 Nescio
250 2218 312 2276 qua
325 2207 447 2277 praeter
462 2201 584 2261 solitum
598 2200 762 2262 dulcedine
776 2199 857 2274 laeti

120 2287 203 2344 Inter
217 2301 252 2344 se
265 2287 296 2345 in
311 2285 393 2346 foliis
409 2285 576 2361 strepitant,
591 2285 675 2345 iuvat
688 2283 835 2345 imbribus
850 2282 925 2344 actis

122 2369 302 2443 Progeniem
314 2386 443 2445 parvum
457 2370 626 2445 dulcesque
639 2368 776 2429 revisere
790 2367 891 2429 nidos.

123 2451 215 2511 Haud
229 2453 372 2528 equidem
386 2452 490 2526 credo,
507 2455 579 2530 quia
594 2453 633 2514 sit
647 2452 792 2513 divinitus
806 2451 868 2513 illis
1024 2454 1077 2511 tlt

124 2535 282 2610 Ingenium
297 2544 349 2598 aut
361 2552 464 2597 rerum
478 2538 540 2598 lato
555 2536 719 2613 prudentia
731 2536 854 2608 maiore

124 2620 247 2693 Verum,
262 2620 314 2682 ubi
328 2627 495 2697 tempestas
511 2629 541 2683 et
555 2622 633 2683 coeli
646 2621 767 2683 mobilis
783 2621 894 2684 humor
987 2669 990 2674 .

123 2705 280 2765 Mutavere
294 2704 361 2767 vias
376 2713 407 2765 et
419 2706 534 2782 Iupiter
547 2706 661 2768 uvidirs
675 2706 797 2767 Austris

122 2789 247 2861 Densct,
263 2796 349 2851 erant
363 2805 444 2865 quae
457 2806 528 2853 rara
539 2790 643 2863 modo,
659 2797 698 2862 et
715 2806 795 2866 quae
809 2789 916 2861 densa,
929 2787 1056 2858 relaxat,

82 2886 85 2895 ·
122 2873 290 2933 vertuntur
303 2874 425 2949 species
441 2873 610 2935 animorum
624 2880 655 2934 ct
668 2880 795 2950 pectora
808 2874 909 2933 r'uotus
1025 2874 1077 2929 stu

122 2958 210 3016 Nunc
225 2958 313 3031 alios,
328 2958 416 3032 alios,
431 2958 505 3019 dum
518 2957 624 3019 nubila
636 2965 747 3019 ventus
762 2956 881 3033 agebam

123 3041 317 3116 concipiunt:
338 3041 409 3101 hinc
423 3042 475 3102 ille
490 3043 593 3104 avium
608 3049 774 3105 concentus
788 3042 820 3101 in
834 3039 925 3114 agris,

120 3126 160 3184 Et
173 3125 273 3185 laetae
286 3126 424 3201 pecudes
439 3132 469 3186 et
484 3133 611 3187 ovantes
626 3134 747 3201 gutture
761 3123 856 3185 corvi.

166 3207 199 3268 Si
213 3223 289 3269 vcro
304 3211 402 3270 solem
416 3209 457 3270 ad
470 3210 611 3285 rapidum
624 3211 777 3285 lunasque
791 3214 956 3282 sequentes
1068 3222 1071 3229 ’

125 3292 238 3352 Ordine
251 3293 417 3368 respicies;
440 3310 607 3369 numquam
621 3302 652 3355 te
665 3293 800 3354 crastina
811 3291 895 3353 iullet
956 3334 959 3338 -
1025 3296 1078 3350 42⁵

123 3377 216 3452 Horu
231 3392 333 3453 noque
346 3377 468 3439 insidiis
482 3378 581 3439 noctis
597 3379 719 3454 capiere
735 3392 876 3439 serenae.
