2326 3780
388 254 583 318 AENEIDOS
604 257 677 318 LIB.
692 258 744 319 lv.
984 256 1045 321 151

93 410 219 469 Centum
233 426 303 469 ares
317 410 437 485 posuit3
458 412 644 487 vigilemque
658 420 834 472 sacraverat
847 412 956 488 ignem,
994 420 1047 475 Μ

92 493 245 554 Excubias
261 494 366 555 divum
380 502 536 567 aeternus;
558 496 774 571 pecudumque
787 510 895 555 cmore

92 577 207 653 Pingue
222 578 322 638 solum
337 584 367 638 et
380 579 474 639 variis
488 578 629 640 florentia
642 580 747 641 limina
759 580 861 641 sertis.

92 662 185 737 Isque
199 676 306 722 amens
320 662 413 723 animi
426 670 458 723 et
470 680 593 725 rumore
607 680 758 725 accensus
773 678 877 725 amoro

92 746 208 806 Dicitur
221 753 291 806 ante
305 762 376 806 uras
390 747 492 808 media
505 748 584 809 inter
596 748 721 810 numina
734 748 840 809 divum

91 830 188 891 Multa
200 830 306 891 lovem
319 828 459 892 manibus
474 835 607 911 supplex
622 824 730 893 o'russe
745 832 880 909 supinis=
993 840 1046 897 ποῦ

91 915 225 991 „iupiter
238 914 441 991 omnipotens,
458 916 506 978 cui
520 932 601 978 nune
614 916 771 977 Maurusia
784 916 875 991 pictis

91 1000 193 1075 „Gens
209 1001 332 1075 epulata
345 1000 419 1060 toris
434 1000 589 1062 Lenaeum
602 1000 677 1061 libat
690 1000 847 1073 honorem,

91 1084 258 1161 „Adspicis
271 1084 371 1144 haect
391 1100 431 1144 an
445 1092 483 1159 te,
499 1086 627 1161 genitor,
644 1101 738 1161 quum
751 1086 877 1145 lulmine
888 1090 1024 1161 torques,

90 1169 325 1245 „Nequidquam
338 1168 508 1242 horremus,
524 1169 671 1244 caecique
685 1170 716 1230 in
730 1168 862 1231 nubibus
876 1168 963 1245 ignes

90 1253 287 1328 „Terriiicaut
300 1252 419 1313 animos
435 1260 465 1313 et
479 1254 581 1313 inania
594 1269 749 1315 murmura
761 1254 912 1314 miscente
994 1263 1048 1318 alc

91 1336 243 1412 „Femina
260 1350 341 1413 ques
353 1337 468 1396 nostris
483 1352 590 1397 errans
604 1337 635 1395 in
649 1336 763 1398 tinibus
777 1338 885 1398 urbem

91 1420 259 1495 „Exiguam
272 1418 371 1495 pretio
386 1420 499 1494 posuit,
515 1421 563 1480 eui
577 1420 648 1480 litus
662 1421 819 1494 arandum,

91 1502 229 1577 „Cuique
243 1502 303 1562 loci
318 1502 403 1577 leges
419 1502 569 1578 dedimus,
586 1503 740 1565 connubia
753 1512 855 1564 nostra

91 1585 241 1661 „Repulit
257 1601 294 1646 ac
309 1586 465 1647 dominum
477 1588 606 1647 Aenean
620 1587 651 1646 in
664 1604 761 1663 regnu
770 1588 896 1663 recepit

90 1668 147 1745 „Et
161 1683 242 1729 nune
255 1668 306 1729 ille
318 1668 405 1730 Paris
419 1684 491 1731 oum
503 1671 648 1731 semiviro
663 1672 816 1745 comitatu,
994 1684 1048 1737 als

89 1752 252 1829 „Maeonia
265 1760 400 1814 mentum
412 1754 502 1815 mitro
515 1756 691 1829 crinemque
704 1754 877 1814 madentem

88 1835 275 1914 „subnixus
290 1845 379 1915 rapto
393 1838 523 1915 potitum
544 1853 604 1900 nos
615 1854 743 1899 munera
755 1838 877 1915 templis

88 1921 800 2084 lartius,emitteretur

88 2090 195 2150 Audiit
209 2092 412 2166 omnipotens,
428 2092 599 2168 oculosque
612 2093 652 2153 ad
666 2092 790 2152 moenia
801 2092 891 2153 torsit
993 2100 1048 2155 no

89 2173 187 2248 Regia
200 2182 230 2234 et
244 2175 356 2237 oblitos
372 2177 471 2237 lernae
485 2176 620 2237 melioris
635 2184 783 2237 amantes.

87 2258 164 2317 Turn
179 2259 224 2318 sic
238 2259 421 2321 Mercurium
435 2261 600 2337 alloquitur
612 2276 650 2321 aa
662 2260 736 2320 talia
748 2258 888 2321 mandat:

88 2342 197 2417 „Vade
212 2358 278 2418 age,
294 2352 374 2417 nate,
390 2360 471 2406 vocu
483 2344 644 2423 Zephyros
659 2351 689 2404 et
702 2343 806 2404 labere
820 2344 940 2421 pennis,

88 2424 357 2504 ,„Dardaniumque
372 2429 491 2501 ducem,
512 2428 606 2507 Tyria
619 2428 800 2504 Carthagine
815 2429 868 2505 qui
882 2442 962 2488 nune

89 2508 275 2584 ,lixspectat
289 2512 421 2588 latisque
435 2514 524 2574 datos
539 2529 602 2573 non
614 2512 741 2589 respicit
754 2512 858 2587 urbes,
993 2520 1046 2575 aas

89 2593 285 2669 „Alloquere,
301 2602 332 2656 et
346 2598 462 2658 celeres
478 2598 564 2657 deier
576 2612 646 2657 mea
659 2596 741 2657 dicta
755 2612 813 2675 per
825 2612 929 2658 auras.

88 2676 175 2753 „Non
190 2677 274 2737 illum
288 2678 378 2740 nobis
393 2682 531 2756 genetrix
546 2680 751 2758 pulchenimu
763 2682 856 2747 talem

88 2761 257 2838 „Promisit
273 2762 459 2861 Grpiiimque
472 2764 543 2826 ideo
556 2764 606 2826 his
620 2766 756 2826 vindicat
770 2766 879 2836 armis3

87 2844 171 2920 „Sed
185 2847 260 2920 lore,
276 2864 329 2923 qur
343 2848 502 2924 gravidam
516 2850 653 2927 imperiis
667 2848 812 2926 belloque
825 2850 1003 2910 frementem

87 2930 224 3005 „ltaliam
238 2940 367 3007 regeret,
382 2948 480 3009 genus
495 2935 557 2995 alto
572 2950 591 2994 a
605 2936 754 3009 sanguine
767 2935 874 2995 Teucri
991 2940 1045 2995 reo

87 3012 261 3089 „Proderet
276 3031 313 3076 ac
327 3023 424 3078 toturn
437 3016 495 3077 suh
509 3018 596 3094 leges
610 3018 741 3079 mitteret
756 3017 871 3078 orbem.

88 3096 141 3172 „Si
155 3098 239 3159 nulla
251 3100 392 3161 accendit
404 3108 555 3163 unorum
569 3102 667 3179 gloria
679 3118 790 3175 rerum,

88 3181 170 3255 „Nec
185 3198 280 3259 super
294 3184 363 3261 lpse
378 3201 436 3246 sua
449 3187 571 3249 molitur
583 3186 675 3247 laude
688 3185 840 3257 laborem

88 3265 283 3341 „Ascanione
295 3276 384 3346 pater
395 3270 552 3331 Romanas
566 3270 683 3331 invidet
697 3276 807 3331 arcest

87 3349 186 3425 „Quid
201 3350 297 3427 struit,
311 3360 364 3414 aut
378 3369 441 3430 qua
455 3370 512 3431 spe
525 3354 648 3415 inimica
661 3355 692 3416 in
706 3361 797 3431 gente
810 3361 953 3428 moratru,
990 3362 1043 3418 ²35

87 3433 169 3509 „Nec
183 3435 302 3511 prolem
314 3438 487 3501 Ausoniam
500 3446 532 3501 et
541 3438 675 3503 Lauinio
683 3438 820 3515 respicit
828 3442 932 3497 eruat

76 3518 245 3595 ‚denigrat
266 3518 354 3587 llaec
368 3540 497 3591 summa
508 3534 580 3603 ests
595 3524 658 3591 lite
667 3518 926 3591 nostrinnunt'xus
937 3512 1042 3572 utut

1136 3581 1156 3706 t
