2326 3780
151 276 213 338 132
418 273 450 332 P.
471 274 632 336 VIRGILIl
652 274 827 335 MARONIS

146 430 221 489 Tres
236 426 314 486 adeo
330 427 461 487 incertos
477 441 571 486 caeca
585 426 714 501 caligine
729 426 812 485 soles

147 511 290 571 Erramus
305 512 424 586 pelago,
439 511 565 570 tolidem
580 511 646 570 sine
661 510 763 570 sidere
777 518 899 581 noctes;

148 595 259 669 Quarto
274 602 355 655 terra
366 595 416 654 die
430 595 561 671 primum
575 610 610 655 se
624 595 761 654 attollere
774 595 897 654 tandem
1053 605 1105 661 205

148 680 233 752 lisa,
250 679 367 755 aperire
382 680 488 755 procul
503 686 621 739 montes
637 694 674 738 ac
686 679 810 738 volvere
824 679 948 738 fumum.

148 763 227 822 Vela
237 763 360 842 cadunt,
376 763 467 822 remis
482 763 683 837 insurgimus;
704 762 788 822 haud
802 778 898 840 mora,
914 768 1026 823 nauum

148 846 261 907 Annixi
275 853 417 921 torquent
431 862 557 921 spumas
573 853 603 906 et
616 847 738 906 caerula
752 854 885 906 verrunt.

148 931 309 992 Servatum
323 947 362 990 ox
375 930 467 990 undis
482 929 688 1004 Strophadum
702 946 751 989 me
765 930 854 990 litora
867 930 998 1005 primum

148 1015 325 1090 Accipiunt:
349 1013 538 1089 Strophades
554 1013 643 1073 Graio
660 1020 740 1074 stant
753 1015 875 1073 nomine
890 1014 990 1074 dictae
1054 1026 1107 1079 210

149 1099 270 1159 Insulae
283 1098 369 1158 Ionio
384 1098 415 1157 in
429 1100 548 1172 magno,
566 1114 642 1172 quas
658 1098 724 1157 dira
739 1097 869 1157 Celaeno

148 1182 365 1259 Harpyiaeque
381 1182 482 1243 colunt
495 1182 582 1255 aliae,
597 1180 723 1242 Phineia
736 1189 900 1257 postquam

151 1266 262 1326 Clausa
277 1266 394 1339 domus,
410 1281 597 1342 mensasque
611 1273 693 1327 metu
707 1265 825 1341 liquere
839 1265 968 1341 priores.

149 1350 276 1410 tristius
291 1350 373 1410 haud
387 1350 446 1410 illis
460 1357 636 1423 monstrum,
653 1365 710 1410 nec
725 1350 848 1409 saevior
860 1349 922 1409 ulla

150 1435 247 1494 Pestis
262 1442 292 1493 et
305 1434 351 1493 ira
364 1434 456 1495 decim
470 1434 585 1510 Stygiis
601 1449 672 1494 sese
688 1434 793 1501 extulit
806 1433 907 1493 undis.
1054 1444 1107 1497 215

150 1518 287 1593 Virginei
300 1519 459 1579 volucrum
472 1520 585 1592 vultus,
601 1518 782 1579 foedissima
795 1518 909 1576 ventris

150 1602 315 1677 Proluvies,
331 1617 490 1679 uncaeque
503 1619 620 1677 manue,
637 1608 667 1662 et
681 1601 796 1679 pallida
810 1616 932 1676 semper

152 1684 211 1746 Ora
225 1688 314 1746 lame.
727 1696 733 1711 ·

151 1769 217 1831 Huc
230 1771 281 1831 ubi
297 1771 389 1831 delati
403 1779 509 1847 portus
525 1772 719 1840 intravimus3
742 1784 814 1829 ecce
972 1822 975 1826 .

151 1855 243 1915 Laeta
255 1854 348 1915 boum
362 1857 480 1931 passim
495 1856 611 1931 campis
626 1861 761 1914 armenta
776 1853 914 1912 videmus
1053 1862 1110 1915 220

152 1939 415 2016 caprigenumque
428 1954 532 2015 pecus,
549 1939 632 1999 nullo
648 1938 785 2009 custode,
801 1953 857 2012 per
869 1936 992 1996 herbas.

78 2079 86 2095 ,
150 2023 293 2084 irruimus
308 2024 398 2095 terro,
414 2030 444 2082 et
458 2022 547 2082 divos
562 2023 726 2098 ipsumque
741 2036 887 2082 vocamus

150 2108 185 2167 In
199 2114 316 2183 partem
329 2105 538 2182 praedamque
552 2106 671 2177 Iovem3
693 2113 757 2166 tum
769 2104 858 2165 litore
873 2118 965 2164 curvo

98 2264 102 2271 Ι
150 2191 405 2265 Exstruimusque
418 2197 513 2262 toros,
529 2189 722 2265 dapibusque
737 2189 895 2265 epulamur
909 2188 1030 2263 opimis.

150 2277 192 2333 At
206 2275 324 2335 subitae
338 2273 481 2333 horrifico
496 2274 587 2350 lapsu
601 2274 640 2333 de
653 2273 806 2334 montibus
821 2272 933 2332 adsunt
1053 2283 1108 2336 225

151 2357 307 2432 Harpyiae
322 2364 351 2419 et
365 2358 482 2432 magnis
499 2358 635 2432 quatiunt
649 2356 842 2432 clangoribus
858 2358 933 2429 alas,

151 2441 363 2519 Diripiuntque
378 2442 484 2518 dapes,
501 2448 703 2517 contactuque
719 2440 820 2500 omnia
834 2440 959 2501 foedam

95 2556 97 2565 ν
152 2524 326 2595 Immundo;
348 2531 412 2584 tum
427 2542 489 2586 vox
501 2532 610 2585 tetrum
625 2525 692 2584 dira
705 2524 783 2584 inter
796 2524 931 2584 odorem.

151 2608 284 2668 Rursum
297 2609 328 2667 in
343 2623 470 2669 secessu
484 2610 576 2685 longo
592 2607 649 2669 sub
664 2623 740 2684 rupe
755 2614 871 2681 cavata,

149 2690 321 2752 Arboribus
335 2693 433 2753 clausi
448 2693 559 2753 circum
574 2700 665 2768 atque
678 2692 870 2753 horrentibus
885 2691 1008 2764 umbris,
1053 2700 1110 2754 neo

153 2776 331 2837 instruimus
346 2792 479 2850 mensas,
495 2777 619 2853 arisque
633 2777 809 2852 reponimus
824 2777 939 2851 ignem;

127 2870 133 2888 ¹
152 2860 284 2924 Rursum
298 2876 337 2920 ex
352 2860 475 2921 diverso
491 2860 568 2921 coeli
584 2861 745 2937 caecisque
760 2860 883 2935 latebris

152 2945 252 3005 Turba
266 2961 381 3005 sonans
395 2945 542 3021 praedam
556 2945 687 3020 pedibus
702 2945 900 3005 circumvolat
912 2943 1009 3017 uncis,

153 3029 261 3090 Polluit
276 3044 330 3089 ore
344 3029 451 3105 dapes.
487 3028 587 3091 Sociis
600 3038 680 3101 tunc,
697 3034 967 3104 arma-capessant,

153 3113 258 3187 Edico,
275 3122 305 3174 et
318 3114 384 3173 dira
399 3113 510 3173 bellum
524 3129 592 3173 cum
606 3119 696 3189 gente
711 3111 886 3188 gerendum.
1053 3121 1108 3176 235

153 3196 243 3256 Haud
258 3213 348 3258 secus
362 3213 399 3257 ac
413 3197 490 3259 iussi
506 3197 627 3270 iaciunt,
642 3203 801 3272 tectosque
815 3211 872 3270 per
885 3195 1011 3254 herbam

153 3280 326 3361 Disponunt
340 3296 431 3342 enses
446 3289 476 3342 et
489 3288 576 3342 scuta
589 3280 712 3341 latentia
725 3279 868 3340 condunt.

152 3362 233 3438 Ergo
248 3364 300 3424 ubi
314 3365 461 3442 delapsae
475 3365 605 3425 sonitum
620 3381 676 3441 per
690 3378 784 3424 curva
798 3362 912 3422 dedere

63 3458 76 3556 Ἰ
148 3447 269 3520 ditem,-
291 3448 343 3510 dat
357 3449 478 3527 signum
492 3450 622 3529 specula
632 3449 772 3509 bliseuus
783 3445 824 3505 ab
836 3446 902 3503 alta

136 3534 221 3596 Aere
236 3550 329 3598 cavo.
366 3536 528 3601 invadunt
540 3535 622 3600 socii
635 3526 1042 3603 etnoraproellatentsnu
1069 3536 1129 3584 usu
