2326 3780
159 196 203 261 ὑὶ
432 195 464 254 Ρ.
484 194 645 255 VIRGILII
664 191 839 253 MARONIS

159 348 231 409 Illas
247 348 329 408 ducit
342 364 427 409 amor
440 352 523 407 trans
539 345 673 420 Gargara
686 352 832 420 transque
846 353 1008 410 sonantem

159 433 333 507 Ascanium,
350 438 495 508 superant
508 436 627 489 montes
642 435 672 488 et
686 427 810 489 flumina
823 436 958 502 tranant;
1063 442 1111 498 πο

161 516 378 591 continuoque,
395 516 495 576 avidis
510 514 561 573 ubi
576 512 698 573 subdita
711 512 834 574 flamma
847 515 1004 577 medullis·

159 600 240 660 Vere
253 601 359 676 magio,
375 600 447 676 quia
458 614 532 658 vere
547 599 630 657 calor
642 598 721 657 redit
735 597 882 671 ossibus,
897 600 969 661 iliae

160 682 219 745 Ore
233 700 339 745 omnes
354 698 463 743 versae
477 683 508 742 in
521 681 695 758 Zephyrum
709 688 789 741 stant
803 681 929 758 rupibus
944 683 1025 759 altis,

158 767 389 843 Exceptantque
402 767 487 827 leves
503 781 602 840 aurae,
617 771 647 824 et
662 780 757 841 saepe
770 766 837 825 sine
851 766 921 828 uilis

160 852 324 927 coniugiis
341 856 431 910 vento
446 849 744 925 gravidae-mirabile
758 849 853 910 dictu·
1060 862 1106 916 att

160 935 242 996 Saxa
255 950 311 1010 per
325 941 355 994 et
368 935 515 1010 scopulos
531 939 561 992 et
574 933 741 1008 depressas
756 935 912 995 convalles

157 1018 331 1093 Diffugiunt,
346 1033 474 1091 -non,
488 1017 577 1088 Eure,
592 1022 662 1076 tuos
677 1032 778 1092 neque
792 1017 874 1079 Solis
888 1019 928 1079 ad
944 1026 1047 1093 ortus;

158 1103 191 1161 in
205 1102 326 1161 Borean
341 1100 540 1175 cautumque,
557 1105 608 1161 aut
621 1102 703 1183 unde
717 1102 898 1176 nigerrimus
913 1104 1029 1165 Auster

157 1185 298 1245 Nascitur
311 1191 341 1245 et
353 1185 458 1261 pluvio
474 1183 631 1243 contristat
645 1184 757 1260 frigore
772 1187 900 1245 eoelum.

157 1269 214 1331 iiic
230 1269 359 1341 demum,
375 1268 578 1345 hippomanes
593 1282 666 1327 vero
682 1270 767 1344 quod
780 1271 901 1330 nomine
917 1270 1022 1332 dicunt
1058 1282 1107 1338 280

156 1353 308 1423 Pastores,
325 1354 438 1413 lentum
451 1352 584 1413 destillat
598 1351 637 1411 ab
651 1352 774 1429 inguine
788 1354 882 1428 virus,
962 1368 966 1375 ’

158 1437 375 1514 Hippomanes,
392 1436 475 1512 quod
490 1451 584 1514 saepe
598 1437 697 1496 malae
710 1438 812 1512 legere
825 1452 989 1513 novercae,

155 1520 404 1597 biiseueruntque
417 1520 529 1581 herbas
543 1526 574 1581 et
586 1536 647 1580 non
663 1521 788 1580 innoxia
802 1520 905 1581 verba.

199 1604 262 1666 Sed
276 1605 352 1681 fugit
364 1606 487 1679 interea,
503 1604 579 1679 fugit
593 1604 788 1681 irreparabile
802 1611 931 1682 tempus,

157 1689 284 1765 Singula
297 1690 370 1750 dum
383 1690 465 1767 capti
480 1690 750 1749 circumvectamur
763 1704 875 1749 amore.
1057 1698 1106 1756 aas

156 1774 223 1833 Hoc
238 1773 314 1834 satis
328 1774 488 1834 armentis:
512 1780 636 1849 superat
650 1790 722 1849 pars
737 1774 832 1849 altera
847 1788 947 1849 curae,

155 1858 322 1933 Lanigeros
337 1859 452 1933 agitare
465 1872 574 1933 greges
589 1857 746 1932 hirtasque
761 1858 906 1933 capellas.

156 1942 212 2001 Hic
227 1940 329 2012 iabor;
351 1941 422 2001 hinc
437 1940 557 2000 laudem
571 1941 666 2000 fortes
682 1948 802 2017 sperate
817 1942 929 2003 coloni.

155 2026 218 2085 Nec
232 2041 301 2085 sum
315 2024 406 2084 animi
422 2023 541 2096 dubius,
557 2023 659 2083 verbis
674 2040 712 2085 ea
724 2025 848 2085 vincere
861 2041 1006 2101 magnum

157 2109 253 2183 Quam
268 2109 315 2181 sit,
331 2114 361 2166 et
374 2106 511 2182 angustis
526 2107 607 2167 hunc
621 2108 736 2168 addere
749 2109 841 2168 rebus
855 2110 1021 2183 honorem3
1057 2119 1109 2175 290

157 2191 220 2253 Sed
234 2206 283 2249 me
296 2190 421 2250 Parnasi
436 2190 559 2250 deserta
572 2205 628 2266 per
643 2193 739 2252 ardua
753 2193 852 2254 duleis
975 2258 979 2263 ,

155 2275 268 2350 Raptat
282 2288 375 2347 amor,
390 2275 473 2334 iuvat
486 2275 530 2333 ire
544 2275 632 2350 iugis,
652 2292 712 2351 qua
726 2277 808 2336 nulla
821 2276 956 2352 priorum

158 2358 318 2419 Castaliam
331 2358 414 2418 molli
430 2359 594 2421 devertitur
608 2359 706 2419 orbita
720 2361 810 2420 clivo.

156 2442 250 2514 Nunc,
266 2443 443 2503 veneranda
455 2443 553 2515 Pales,
570 2458 680 2518 magno
696 2460 776 2503 runc
792 2458 845 2505 ore
860 2445 1048 2507 sanandum!

200 2526 351 2601 Incipiens
366 2527 494 2588 stabulis
509 2528 597 2587 edico
612 2528 643 2585 in
658 2527 799 2588 mollibus
813 2527 940 2588 herbam
1058 2538 1109 2597 aas

159 2609 290 2684 Carpere
304 2625 389 2685 oves,
405 2611 477 2670 dum
491 2626 564 2671 mox
579 2610 727 2670 frondosa
739 2613 895 2673 reducitur
908 2618 1023 2690 aestas,

157 2694 196 2753 Et
208 2694 302 2753 multa
317 2693 423 2754 duram
437 2695 550 2770 stipula
563 2694 738 2770 filicumque
752 2696 894 2771 manipiis

159 2774 301 2839 Sternere
316 2777 419 2838 subter
432 2779 566 2853 humum,
581 2778 695 2854 glacies
710 2795 748 2839 ne
764 2780 874 2855 frigida
887 2772 991 2843 laedat

158 2861 250 2922 Molle
264 2877 370 2937 pecus,
385 2863 581 2938 scabiemque
595 2863 672 2924 ierat
685 2870 853 2939 turpesque
866 2864 1034 2941 podagras.

157 2945 232 3007 Post
244 2946 316 3005 hina
330 2945 488 3021 digressus
503 2947 594 3007 iubeo
609 2948 781 3007 frondentia
795 2948 896 3023 capris
916 2960 919 2967 ·
1058 2960 1111 3015 soa

155 3028 275 3091 Arbuta
289 3030 430 3090 sufficere
444 3037 474 3091 et
486 3028 599 3091 fluvios
614 3032 760 3108 praebere
774 3038 922 3108 recentes,

157 3114 196 3174 Et
210 3114 330 3175 stabula
343 3130 363 3175 a
376 3114 474 3175 ventis
487 3114 614 3176 hiberno
631 3131 788 3192 opponere
803 3117 861 3177 soii

159 3198 209 3257 Ad
223 3199 356 3259 medium
369 3213 519 3260 conversa
533 3200 621 3273 diem,
638 3201 710 3261 dum
724 3200 851 3275 frigidus
867 3199 940 3260 alim

81 3294 84 3299 ·
158 3281 222 3341 Iam
237 3283 317 3343 cadit
331 3289 528 3360 extremoque
543 3285 651 3345 irrorat
663 3286 818 3360 Aquarius
834 3299 924 3345 anna.

159 3364 224 3425 Hae
240 3382 362 3443 quoque
375 3383 437 3428 non
452 3383 525 3429 cura
539 3368 627 3429 nobis
643 3369 757 3429 leviore
771 3370 912 3443 tuendae,
1058 3376 1110 3434 hot

159 3449 223 3512 Nec
235 3451 334 3512 minor
346 3468 421 3513 usus
435 3453 505 3513 erit:
529 3455 666 3530 quamvis
681 3454 799 3514 Milesia
812 3466 924 3529 magna
