2326 3780
335 175 338 183 «
407 135 603 197 AENEIDOS
624 137 697 197 LIB.
711 138 750 197 V.
1000 134 1062 201 173

104 290 186 351 llcce
199 290 292 363 volat,
308 288 486 363 calcemque
498 289 568 348 terit
582 289 643 348 iam
657 291 743 350 calce
756 290 876 363 Dior'es,

105 373 288 434 incumbens
303 372 446 443 humer03
469 373 571 449 spatia
584 381 614 433 et
628 374 656 432 si
670 375 758 450 plura
772 375 936 450 supersint,
1010 383 1063 439 aaa

104 459 253 518 Transeat
267 457 392 533 elapsus
406 457 500 533 prior,
516 456 730 532 ambiguumve
744 458 905 533 relinquat.

105 543 231 618 Ianique
246 542 311 601 fere
325 541 426 617 spatio
441 547 577 601 exuemo
593 542 731 618 fessique
745 541 803 603 sub
816 541 918 618 ipsam

104 626 211 685 Finem
225 624 440 698 adventabant,
454 625 516 684 levi
531 640 601 685 cum
614 626 764 701 sangiune
776 626 871 687 Nisus

105 709 230 771 Labitur
243 708 359 783 infelix,
374 709 475 768 caesis
486 715 520 769 ut
533 709 613 771 forte
625 709 766 771 iuvencis

104 794 205 854 Fusus
220 794 344 854 humum
355 793 533 870 viridesque
548 807 644 870 super
655 794 864 855 madefecerat
876 791 998 853 herbas.
1012 799 1065 855 330

105 878 163 937 Hic
177 878 296 938 iuvenis
310 877 371 938 iam
383 878 484 937 victor
498 893 597 938 ovans
611 878 744 954 vestigia
757 892 869 955 presso

105 962 197 1023 Haud
211 963 306 1023 tenuit
318 961 448 1023 titubata
460 963 539 1036 solo,
555 962 612 1023 sed
626 978 743 1039 pronus
757 960 872 1038 inipso

105 1046 248 1107 Concidit
260 1047 481 1122 immundoque
494 1047 568 1108 fimo
584 1062 737 1122 sacroque
751 1062 870 1108 cruore,

105 1131 174 1191 Non
188 1139 289 1192 tamen
303 1131 438 1207 Emyali‚
453 1147 517 1191 non
531 1132 582 1190 illc
599 1130 710 1191 oblitus
725 1146 877 1191 amorum:
948 1176 951 1181 .

106 1214 183 1276 Nam
198 1231 269 1275 sese
285 1215 431 1290 opposuit
446 1213 529 1274 Salio
544 1230 601 1290 per
614 1214 732 1275 lubrica
744 1221 891 1291 surgens3
1012 1222 1065 1278 333

107 1299 161 1357 llle
176 1306 277 1358 autem
291 1299 397 1373 spissa
410 1298 502 1358 iacuit
514 1298 673 1359 revolutus
689 1314 792 1358 arena

107 1382 224 1442 flmicat
237 1382 400 1456 Euryalus,
416 1387 446 1440 et
459 1397 585 1440 munere
597 1382 697 1440 victor
711 1382 800 1441 amici

107 1464 208 1524 Prima
220 1471 311 1536 tenet,
326 1465 499 1539 plausuque
512 1466 597 1525 uolat
610 1464 793 1540 fremituque
807 1466 954 1549 secundo.

107 1548 182 1607 Post
194 1548 343 1624 Helymus
357 1547 448 1620 subit,
463 1554 494 1607 et
507 1564 589 1609 nunc
601 1549 689 1609 tertia
703 1550 805 1624 palma
818 1548 937 1609 Diores.

107 1632 166 1691 Hic
179 1639 276 1693 totum
290 1646 406 1692 caveae
420 1646 603 1693 consessum
616 1633 748 1707 ingentis
764 1640 794 1692 et
808 1648 864 1693 ora
1014 1640 1067 1695 eto

107 1717 209 1777 Prima
222 1723 342 1792 patrum
355 1716 475 1792 magnis
490 1717 591 1778 Salius
606 1716 791 1777 clamoribus
804 1716 919 1793 implet,

107 1802 317 1876 Ereptumque
331 1801 404 1875 dolo
418 1802 508 1861 reddi
523 1801 582 1862 sibi
595 1801 699 1878 poscit
711 1801 870 1862 honorem.
1014 1806 1018 1813 ‘

107 1886 233 1946 Tutatur
247 1885 336 1945 favor
348 1886 524 1962 Euryalum,
540 1887 746 1961 lacrimaeque
760 1886 901 1959 decorae,

108 1970 229 2030 Gratior
244 1976 275 2029 et
288 1969 417 2044 pulchro
431 1971 560 2030 veniens
574 1971 607 2030 in
620 1985 753 2047 corpore
766 1970 880 2041 virtum

107 2054 244 2115 Adiuvat
258 2060 288 2112 et
301 2070 413 2128 magna
427 2054 597 2131 proclamat
608 2069 688 2114 voce
701 2055 822 2128 Diores,
1016 2062 1068 2117 34⁵

108 2138 166 2211 Qui
181 2137 272 2198 subiit
285 2139 415 2213 palmae,
431 2140 605 2214 frustraque
618 2139 660 2198 ad
673 2138 811 2215 praemia
823 2139 907 2199 venit

108 2222 229 2293 Ultima,
245 2222 272 2280 si
286 2222 375 2297 primi
390 2222 474 2283 Salio
489 2223 657 2284 reddantur
670 2222 815 2284 honores.

107 2305 185 2365 Tum
199 2311 286 2379 pater
298 2308 422 2366 Aeneas
436 2308 586 2382 ‚‚Vestra“
599 2307 698 2382 inquit
711 2323 858 2381 „munera
870 2307 960 2368 vobis

110 2387 220 2464 „Certa
233 2398 363 2464 manent,
378 2391 474 2466 pueri,
489 2399 520 2452 et
532 2393 666 2469 palmam
679 2398 783 2451 movet
798 2390 906 2452 ordine
918 2406 1024 2461 nem03

109 2471 179 2548 „llic
194 2473 284 2531 liceat
297 2488 389 2534 casus
402 2476 540 2535 niiserari
555 2476 685 2537 insontis
701 2476 819 2536 amici.“
1017 2484 1070 2539 330

109 2556 162 2617 Sic
178 2557 268 2627 fatus
283 2564 401 2632 tergum
417 2559 534 2620 Gaeurli
548 2560 679 2621 immane
693 2563 792 2621 leonis

107 2642 169 2701 Dat
183 2640 276 2715 Salio,
291 2641 374 2701 villis
388 2658 553 2705 onerosum
567 2653 660 2722 atque
673 2642 827 2720 unguibus
842 2646 953 2719 aurcis.

108 2726 167 2785 Hic
180 2725 273 2785 Nisus
288 2725 342 2800 „Si
356 2732 461 2787 tanta“
475 2728 573 2806 inquit
586 2736 679 2804 „sunt
692 2729 830 2805 praemia
842 2729 942 2804 victis,

108 2810 210 2885 „litte
223 2810 381 2885 lapsorum
395 2811 533 2874 miseret=
557 2830 636 2889 quae
650 2826 778 2873 munera
791 2813 865 2873 Niso

109 2893 229 2969 „Digna
243 2894 342 2968 dabis,
358 2897 488 2971 primam
501 2899 597 2958 merui
613 2900 664 2974 qui
678 2897 771 2959 laude
784 2910 939 2967 coronam,
1017 2904 1069 2959 355

109 2977 166 3053 „Ni
180 2993 238 3051 me,
254 2994 335 3053 quae
348 2987 379 3040 et
392 2978 517 3053 Salium,
533 2983 656 3042 fortuna
668 2982 791 3041 inimica
805 2981 964 3040 tulissett“

108 3062 149 3122 Et
162 3062 253 3121 simul
266 3062 315 3123 his
328 3063 418 3125 dictis
433 3065 542 3125 faciem
557 3065 731 3127 ostentabat
744 3074 774 3125 et
787 3064 850 3124 udo

106 3146 223 3221 Turpia
236 3146 372 3207 membra
384 3148 468 3209 fimo.
499 3150 578 3210 Risit
590 3156 678 3226 pater
692 3149 826 3227 optimus
842 3148 902 3221 olli,

107 3231 148 3291 Et
161 3231 294 3306 clipeum
307 3229 409 3292 efferri
425 3233 524 3306 iussit,
538 3234 741 3310 Didymaonis
756 3239 846 3305 artes,

107 3315 242 3391 Neptuni
256 3331 346 3377 sacro
359 3316 475 3379 Danais
490 3319 530 3379 de
543 3326 634 3396 poste
649 3318 789 3378 refixum.
1018 3326 1070 3382 300

108 3401 176 3464 Hoc
192 3401 334 3463 iuvenem
348 3403 505 3479 egregium
519 3403 687 3480 praestanti
701 3416 828 3462 munere
842 3402 951 3463 donat.
