2326 3780
386 216 581 279 ruminas
602 219 675 278 am.
689 218 712 278 1.
946 203 950 211 '
987 215 1030 278 ss

75 371 240 447 Suspirans
256 371 378 445 imoque
393 369 516 430 trahens
532 386 550 429 a
563 378 689 446 pectore
702 385 827 430 vocem:

73 454 118 530 „0
134 456 201 529 dea,
217 455 244 514 si
258 455 357 530 prima
369 461 511 529 repetens
526 453 564 512 ab
581 455 696 530 origine
711 469 844 530 pergam,

73 539 129 614 „Et
142 544 233 598 vacet
247 539 372 598 annales
387 545 560 598 nostrorum
575 540 680 599 audire
694 538 841 612 laborum,

74 625 173 697 „Ante
188 623 269 681 diem
284 623 389 682 clauso
405 629 569 698 componet
581 623 703 699 Vesper
718 619 859 699 Olympo.

74 707 156 782 „Nos
170 706 260 766 Troia
274 706 406 782 antiqua,
422 706 449 765 si
462 711 582 766 vestras
598 707 676 767 forte
690 722 747 782 per
761 722 851 766 aures
976 712 1029 768 sta

75 790 201 865 „Troiae
215 804 325 850 nomen
339 791 381 863 iit„
397 790 521 849 diversa
535 804 591 865 per
605 806 742 866 aequora
757 797 862 850 vectos

75 874 182 949 „Forte
197 890 255 935 sua
267 873 392 950 Libyeis
406 879 574 949 tempestas
589 875 707 951 appulit
722 874 794 934 oris.

74 957 166 1033 „Sum
181 959 251 1035 pius
266 959 398 1033 Aeneas,
412 965 519 1035 raptos
535 959 586 1034 qui
601 975 641 1018 ex
655 958 745 1019 hoste
758 957 888 1018 Penates

74 1043 199 1116 „Classe
213 1043 294 1102 veho
309 1058 437 1117 mecum,
454 1044 535 1103 lama
549 1058 643 1119 super
657 1043 781 1103 aethera
794 1048 902 1111 notus;
1088 1095 1091 1103 .

74 1128 208 1202 „ltaliam
223 1142 337 1202 quaero
352 1129 481 1202 patriam
496 1136 526 1186 et
539 1143 636 1202 genus
652 1127 690 1187 ab
705 1128 779 1186 Iove
794 1138 922 1187 summo.
976 1132 1031 1187 080

74 1211 144 1286 „Bis
162 1211 249 1271 denis
265 1211 430 1288 Phrygium
445 1212 613 1271 conscendi
627 1211 757 1271 navibus
773 1224 898 1286 aequor,

74 1296 188 1369 „Matre
203 1296 263 1354 dea
276 1302 463 1354 monstrante
478 1296 568 1368 viam,
583 1295 655 1354 data
669 1296 731 1356 lata
745 1303 882 1365 secutus3

74 1379 154 1452 „Vix
169 1384 287 1452 septem
302 1379 470 1437 convulsae
483 1378 575 1437 undIs
589 1378 733 1454 Euroque
746 1386 919 1454 supersunt.

76 1460 187 1535 „lpse
181 1468 311 1534 ignotus,
327 1476 430 1534 egens,
445 1460 562 1536 Libyae
578 1462 700 1520 deserta
714 1475 854 1537 peragro,

76 1544 219 1618 „Europa
233 1547 263 1601 at
265 1558 325 1616 que
338 1544 415 1602 Asia
427 1543 566 1618 pulsus.“
600 1545 662 1603 Nec
677 1545 765 1619 plura
781 1550 956 1619 querentem
976 1544 1029 1602 080

75 1626 171 1686 Passa
185 1626 292 1685 Venus
306 1626 409 1686 medio
425 1626 470 1687 sic
484 1627 604 1686 interlat
574 1633 624 1686 ata
638 1627 744 1688 dolore
760 1634 821 1687 est·

76 1710 240 1785 „Quisquis
256 1724 299 1785 es,
314 1709 405 1785 haud,
421 1711 546 1784 eredo„
538 1711 656 1770 invisus
672 1710 856 1772 coelestibus
872 1725 962 1769 auras

76 1795 211 1869 „Vitales
226 1794 336 1870 carpis,
350 1794 472 1871 Tyn‘am
487 1812 538 1870 qui
530 1795 715 1854 adveneris
730 1794 844 1854 urbem.

75 1878 190 1954 „Perge
203 1878 306 1951 modo,
323 1886 415 1954 atque
428 1879 499 1939 hine
512 1886 543 1939 te
557 1879 681 1954 reginae
695 1880 734 1938 ad
749 1878 852 1937 limina
865 1878 976 1951 perier.

74 1963 231 2038 „Namque
244 1961 298 2022 tibi
311 1962 443 2023 reduces
458 1964 562 2024 socios
578 1964 771 2040 classemque
784 1961 909 2022 relatam
977 1964 1032 2021 300

74 2047 203 2122 „Nuntio
219 2054 249 2108 et
263 2047 293 2106 in
308 2053 404 2108 tutum
417 2049 518 2108 versis
531 2047 736 2123 Aquilonibus
751 2054 858 2122 actam,

75 2131 130 2207 „Ni
144 2132 255 2192 frustra
269 2133 428 2207 augurium
441 2133 513 2192 vani
527 2133 661 2192 docuere
676 2139 828 2208 parentes.

74 2216 232 2292 „Adspice
245 2216 293 2276 bls
309 2230 402 2277 senos
417 2219 565 2277 laetantes
580 2217 700 2292 agmine
715 2229 840 2292 cycnos,

75 2301 239 2375 „Aetheria
253 2315 331 2375 quos
346 2301 434 2376 lapsa
447 2302 539 2377 plaga
551 2302 635 2361 Iovis
650 2301 714 2360 ales
729 2308 835 2376 aperto

76 2383 247 2459 „Turbabat
261 2385 364 2456 coelo;
386 2399 467 2446 nunc
480 2392 578 2446 terras
593 2384 701 2445 ordine
715 2385 806 2459 longo
976 2386 1029 2443 395

76 2469 157 2541 „Aut
170 2482 281 2544 capere
295 2475 346 2528 aut
359 2476 465 2544 captas
480 2469 540 2528 iam
555 2469 736 2544 despectare
750 2467 900 2528 videntur.

77 2551 135 2626 „Ut
147 2553 277 2612 reduces
291 2553 332 2611 illi
347 2554 455 2613 ludunt
469 2553 665 2613 stridentibus
680 2553 746 2625 alis,

77 2635 132 2710 „Et
145 2643 234 2697 coetu
248 2636 372 2696 cinxere
384 2637 498 2712 polum,
514 2643 682 2712 cantusque
696 2635 825 2708 dedere;
927 2688 929 2693 .

76 2719 184 2794 „Haud
199 2720 285 2780 aliter
298 2735 482 2796 puppesque
496 2727 566 2780 tuae
581 2720 741 2796 pubesque
756 2727 877 2781 tuorum

77 2804 157 2877 „Aut
169 2811 288 2878 portum
302 2811 391 2878 tenet,
407 2812 458 2865 aut
471 2806 564 2881 plano
579 2803 660 2865 subit
674 2804 753 2864 ostia
766 2805 846 2864 velo.
977 2811 1030 2864 400

77 2885 191 2959 „Perge
205 2888 297 2948 modo
312 2895 350 2963 et,
366 2904 427 2964 qua
440 2895 471 2949 te
485 2889 569 2949 ducit
581 2889 642 2961 via,
658 2888 755 2962 dirige
769 2892 940 2962 gressum.“

77 2969 168 3041 Dixit,
183 2976 213 3029 et
226 2978 367 3046 avertens
381 2988 473 3033 rosea
487 2973 607 3033 cervice
621 2972 748 3045 refulsit,

75 3052 321 3130 Anibi-osiaeque
335 3071 443 3117 comae
458 3057 593 3117 divinum
609 3057 722 3116 vertice
738 3055 864 3115 odorem

77 3136 256 3212 Spiravere3
278 3140 376 3221 pedes
385 3141 486 3201 vestis
502 3139 629 3200 defluxit
644 3140 684 3199 ad
698 3140 792 3209 imos;

75 3221 113 3280 Et
126 3236 201 3281 vera
215 3221 340 3284 incessu
353 3225 449 3299 patuit
464 3225 531 3284 dea.
566 3224 620 3283 ille
633 3223 685 3284 ubi
700 3230 826 3282 matrem
976 3225 1030 3299 0οζ0

76 3306 219 3381 Agnovit,
234 3308 287 3367 tali
301 3308 465 3382 fugientem
479 3313 527 3368 est
540 3323 618 3368 voce
632 3315 771 3367 secutum

76 3387 174 3465 „Quid
189 3396 292 3451 natum
305 3393 405 3466 toties,
422 3391 553 3453 crudelis
569 3397 600 3451 tu
616 3406 749 3468 quoque,
764 3387 850 3448 falsis

75 3473 191 3551 ,audis
205 3475 409 3550 imaginibusr
430 3476 489 3536 Cur
503 3476 628 3535 dextrae
642 3475 767 3551 iungere
782 3473 919 3533 dextram
