2326 3780
113 208 177 275 188
248 218 251 223 ’
382 208 415 267 Ρ.
436 208 598 269 VIRGlLll
619 207 796 269 litabatis

112 366 269 424 lnsuetum
282 376 339 438 per
353 361 410 421 iter
423 352 542 437 gelidas
558 362 660 422 enatat
674 361 715 421 ad
727 355 853 437 Arctos,

116 447 354 521 Chalcidicaque
368 446 446 506 levis
460 446 585 511 tandem
600 461 693 522 super
706 446 823 507 adstitit
837 462 929 506 arce.

112 532 263 593 Redditus
278 531 327 590 his
342 531 474 606 primum
487 531 585 606 terris,
600 530 663 604 tibi,
677 529 810 605 Phoebe,
826 534 978 593 sacravit

112 616 282 692 Remigium
296 617 422 690 alarum,
437 615 602 691 posuitque
617 615 760 674 immania
773 617 903 690 templa.

112 702 146 761 ln
161 701 278 761 foribus
292 701 384 759 letum
397 700 583 774 Androgeo;
604 708 667 760 tum
681 700 818 774 pendere
833 715 966 775 poenas
1056 714 1087 767 2⁰
1129 774 1132 781 Ι

113 785 302 861 Cecropidae
317 783 579 844 iussi-miserum!
594 817 607 827 -
623 778 752 860 septena
768 786 942 859 quotannis
1129 792 1134 811 '

113 867 422 945 corporandorum:
445 874 505 927 stat
520 869 619 928 ductis
635 867 770 928 sortibus
784 884 874 928 urna.
1129 858 1132 889 ²

113 955 224 1015 Contra
237 955 317 1013 elata
330 951 406 1011 mari
420 952 589 1028 respondet
603 953 719 1012 Gnosia
732 954 838 1012 tellus:
1128 892 1134 1039 ξ

111 1038 168 1097 Hic
184 1037 316 1096 crudelis
331 1050 417 1094 amor
431 1037 517 1110 tauri,
534 1045 748 1112 suppostaque
762 1037 842 1096 furto

110 1121 271 1197 Pasiphae,
287 1120 476 1193 mixtumque
491 1135 588 1194 genus
603 1121 770 1196 prolesque
784 1121 940 1195 biformis,
1054 1137 1086 1189 25

110 1206 309 1278 Minotaurus
324 1204 413 1278 inest,
428 1204 559 1264 Veneris
575 1212 771 1265 monumenta
783 1206 965 1279 uelandae3

110 1290 166 1348 Hic
181 1287 269 1348 labor
283 1288 334 1348 ille
348 1287 467 1361 domus,
483 1296 514 1348 et
527 1288 744 1349 inextricabilis
760 1305 861 1360 error;

109 1374 253 1447 Magnum
267 1372 393 1446 reginae
408 1372 465 1432 sed
480 1373 559 1432 enim
573 1374 737 1434 miseratus
753 1389 890 1434 amorem
1131 1402 1137 1465 Ι

109 1457 274 1530 Daedalus,
290 1457 359 1532 ipse
374 1457 464 1517 dolos
478 1459 548 1517 tecti
564 1458 772 1533 ambagesque
786 1460 929 1534 resolvit,

111 1542 209 1602 Caeca
223 1556 334 1616 regens
349 1541 402 1601 filo
417 1543 558 1617 vestigia.
586 1542 631 1602 Tu
647 1558 770 1618 quoque
785 1558 934 1617 magnam
1051 1559 1085 1613 30
1133 1592 1136 1597 .

108 1626 227 1686 Partem
243 1641 337 1701 opere
351 1626 383 1685 in
397 1633 491 1701 tanta,
507 1627 620 1687 sineret
635 1626 732 1700 dolor,
748 1628 842 1700 lcare,
859 1627 1024 1692 haberes:

109 1711 163 1771 Bis
179 1718 306 1771 conatus
323 1718 387 1771 erat
402 1726 493 1772 casus
509 1711 655 1786 effingere
670 1711 700 1769 in
715 1725 807 1781 auro;

109 1796 162 1855 Bis
177 1796 293 1871 patriae
308 1796 448 1855 cecidere
463 1812 580 1855 manus.
612 1795 687 1868 Quin
702 1802 848 1869 protenus
866 1798 979 1859 omnia

108 1879 301 1954 Perlcgcrent
316 1881 424 1954 oculis,
440 1881 469 1939 ni
485 1881 545 1938 iam
560 1880 749 1954 praemissus
764 1877 900 1938 Achates
1138 1942 1140 1947 ,

109 1963 236 2038 hilaret,
256 1972 347 2040 atque
361 1980 422 2023 una
436 1963 551 2023 Phoebi
565 1964 746 2037 Triviaeque
761 1963 923 2039 sacerdos
1051 1981 1085 2035 35
1138 1956 1140 1977 '

108 2046 268 2124 Deiphobe
284 2047 398 2122 Glauci,
413 2049 492 2107 latur
507 2063 586 2122 quae
600 2048 673 2105 talia
687 2048 768 2122 regi:

108 2133 194 2208 „Non
209 2131 268 2192 hoc
283 2132 342 2192 ista
358 2131 415 2191 sibi
429 2139 549 2206 tempus
565 2132 741 2207 spectacula
754 2131 870 2206 poscit;

108 2217 214 2292 „Nunc
228 2232 321 2292 grege
336 2216 375 2274 de
389 2217 501 2275 intacto
517 2223 636 2291 septem
650 2208 783 2275 mactare
798 2216 953 2278 iuvencos

108 2300 321 2376 „Praestiterit
336 2301 463 2361 totidem
477 2301 572 2361 lectas
588 2301 627 2360 de
642 2315 727 2360 more
742 2299 914 2359 bidentes.“

150 2383 273 2445 Talibus
288 2384 381 2445 affata
391 2386 538 2445 Aenean·
547 2401 605 2444 nec
620 2401 710 2445 sacra
723 2391 879 2445 morantur
1049 2402 1086 2456 ab

108 2467 198 2528 lussa
211 2468 431 2530 viri-Teucros
445 2476 537 2531 vocat
551 2471 613 2529 alta
626 2470 657 2528 in
672 2462 786 2545 templa
801 2468 967 2547 sacerdoS,
977 2506 991 2516 -

107 2551 252 2611 Excisum
266 2551 423 2611 Euboicae
438 2554 516 2614 latus
532 2554 641 2627 ingens
656 2553 742 2629 rupis
758 2553 787 2613 in
804 2561 942 2612 antrum=

15 2696 20 2709 ,
109 2636 173 2710 Quo
189 2635 240 2695 lati
256 2635 370 2695 ducunt
383 2637 484 2697 aditus
501 2644 631 2711 centum,
645 2636 725 2697 ostia
738 2644 878 2705 centurn

107 2719 198 2780 Unde
211 2726 303 2780 ruunt
316 2720 443 2780 totidem
457 2736 563 2795 voces,
578 2736 732 2795 responsa
747 2721 914 2798 Sibyllae.-

107 2805 239 2864 Ventum
255 2809 319 2863 erat
333 2804 374 2863 ad
387 2804 488 2880 limen,
504 2821 598 2880 quum
612 2805 698 2879 virgo
714 2806 866 2880 „Poscere
881 2805 948 2865 iata
1048 2823 1085 2877 45

108 2889 282 2965 „Tempus“
296 2888 352 2949 ait=
374 2889 482 2963 „dena
497 2904 579 2962 ecce,
596 2889 688 2948 deust
701 2894 718 2922 “
748 2890 812 2962 Cui,
826 2889 901 2948 talia
916 2892 1000 2954 tanti

107 2976 187 3035 Ante
202 2974 295 3046 fores,
311 2972 412 3033 subito
427 2989 489 3033 non
504 2975 616 3048 vultus,
632 2989 693 3033 non
709 2974 795 3033 color
808 2989 898 3045 unus,

108 3057 175 3119 Non
191 3066 310 3119 comtae
324 3074 466 3119 mansere
481 3072 604 3129 comam
627 3058 683 3118 sed
698 3067 806 3133 pectus
823 3057 983 3139 anhelum,

107 3141 145 3201 Et
159 3143 243 3203 rabie
258 3144 324 3204 iera
338 3143 434 3202 corda
447 3149 570 3216 tument,
586 3143 745 3219 maiorque
761 3141 867 3214 videri,
977 3152 982 3161 ·

107 3225 171 3285 Nec
185 3230 312 3287 mortale
328 3242 460 3287 sonans:
481 3226 586 3287 afflata
601 3234 648 3287 cst
662 3227 785 3287 numine
801 3225 927 3300 quando
1045 3245 1086 3301 sq

106 3309 171 3368 lam
185 3312 346 3387 propriore
361 3312 421 3371 dei.
450 3311 584 3387 „Cessas
599 3311 629 3371 in
644 3318 718 3371 vota
731 3324 915 3386 precesque,

104 3393 223 3468 „Tros“
238 3396 279 3455 ait
293 3396 442 3472 „Aeneat
462 3402 592 3456 cessas?
612 3397 807 3470 nequeenim
823 3400 893 3454 ante
909 3395 1084 3465 dehiscent

94 3481 280 3557 „Attonitae
297 3498 416 3563 magna
428 3496 489 3547 ora
501 3481 658 3548 homos-‚⁴³
682 3478 879 3536 annalistam
