2326 3780
482 176 593 259 ornis.
923 226 927 235 .
953 174 1018 241 aba

130 345 163 406 ge
178 327 262 390 aliud
276 328 409 389 studium
423 334 515 403 atque
529 328 608 389 alios
622 328 759 389 accincta
773 328 904 407 labores,

130 431 159 475 rs
173 415 213 474 ad
227 412 329 488 magni
343 411 498 473 subtendit
512 413 616 472 sidera
630 413 743 488 mundi,

131 498 253 558 lacitum
267 496 375 573 paucis
390 512 467 558 ausa
480 505 528 557 est
541 497 732 557 adscendere
746 497 864 557 collem.

138 589 239 642 tamen
253 580 401 641 absistam
415 589 558 657 coeptum
571 581 717 640 detexere
731 596 841 642 munus
849 604 857 638 ι
866 626 888 663 ,

129 683 169 727 uo
184 666 249 725 iure
264 680 350 725 meus
363 665 478 725 ubnam
490 665 687 740 requiescere
700 664 816 740 Musas,
982 674 1016 727 ιο

129 750 217 810 eviter
230 749 377 809 blandum
389 750 480 810 liceat
493 750 650 826 deponere
664 762 790 808 morem

129 835 147 894 d
162 834 189 894 si
203 834 377 894 mirificum:
400 835 493 895 modo
510 834 549 894 sit
562 833 616 893 tibi
630 835 711 895 velle
724 831 836 893 libidol

129 933 154 978 re
169 918 229 978 iam
238 933 364 977 summa
378 918 534 995 Sapientia
549 925 697 995 pangeret
710 932 791 992 arce,

129 1017 193 1062 ·.uor
206 1001 338 1078 antiquis
353 1018 432 1077 quae
446 1002 612 1063 heredibus
626 1010 676 1063 est
690 1003 762 1062 data
776 1014 916 1075 consors,

128 1101 145 1145 e
159 1085 314 1146 hominum
329 1101 449 1148 errores
462 1087 554 1162 longe
567 1087 690 1161 lateque
703 1102 761 1163 per
775 1083 881 1145 orbem
983 1093 1016 1146 lt

128 1170 224 1245 >icere
237 1177 328 1246 atque
342 1170 473 1232 humiles
487 1187 615 1247 possem
629 1178 824 1232 contemnere
837 1183 942 1230 curas=

139 1269 196 1329 ego
210 1255 345 1314 letalem
359 1270 523 1325 venerarer
535 1271 661 1316 munere
675 1255 736 1331 tali,

138 1338 291 1412 equidem,
308 1339 447 1411 quamvis
461 1340 611 1399 interdum
624 1340 731 1400 ludere
745 1336 836 1399 nobis

128 1421 252 1480 raeilem
266 1421 349 1481 molli
364 1422 454 1481 liceat
466 1422 548 1497 pede
562 1423 706 1482 claudere
719 1438 861 1494 versum;

136 1519 246 1578 magno
262 1503 411 1581 intexens,
427 1505 454 1565 si
469 1506 516 1566 ias
531 1512 580 1567 est
594 1505 706 1580 dicere,
720 1506 824 1581 peplo,
915 1534 923 1543 ·
980 1515 1016 1568 2⁰

125 1587 161 1647 lis
175 1587 355 1648 Erechtheis
370 1589 442 1649 olim
456 1596 594 1664 portatur
606 1589 746 1662 Athenis,
802 1656 804 1661 ,

126 1671 166 1731 ita
181 1687 250 1732 cunr
265 1679 369 1732 castae
384 1674 544 1734 solvuntur
558 1674 810 1747 votahlinervae,

126 1755 196 1815 lave
211 1756 350 1817 coniecto
364 1758 493 1817 redeunt
508 1757 720 1833 Quinquennia
733 1758 839 1831 lustro,

126 1858 133 1899 ι
147 1839 224 1901 levis
240 1842 356 1900 alterno
371 1841 530 1918 Zephyrus
547 1841 739 1902 concrebruit
751 1840 842 1914 Euro,

125 1940 206 1984 rono
220 1924 380 1999 gravidum
393 1925 537 2000 provexit
548 1926 686 2002 pondere
701 1940 829 1985 currum.
980 1936 1015 1989 25

125 2025 141 2067 x
155 2008 207 2068 illa
221 2009 297 2082 dieS,
313 2009 386 2069 felix
401 2016 431 2068 et
445 2010 554 2069 dicitur
568 2026 676 2083 annus,
847 2014 849 2018 ’

125 2108 182 2165 res,
200 2094 251 2167 qui
266 2093 358 2153 talem
373 2109 485 2154 annum
499 2094 605 2153 videre
620 2096 775 2168 diemque!

125 2192 136 2236 r
151 2176 305 2237 Palladiae
318 2183 461 2238 texuntur
475 2179 505 2238 in
521 2178 628 2239 ordine
643 2196 773 2254 pugnae,

125 2276 168 2319 na
182 2259 337 2335 Giganteis
353 2270 498 2322 ornantur
511 2264 605 2338 pepla
618 2264 764 2339 tropaeis,
909 2322 914 2329 .

124 2344 189 2403 rido
203 2346 371 2420 sanguineo
387 2347 550 2422 pinguntur
564 2348 683 2422 proelia
697 2362 809 2419 coceo;
979 2356 1016 2413 ³0

124 2428 189 2486 litur
203 2436 307 2489 aurata
323 2431 459 2491 deiectus
475 2412 603 2506 eu’spide
617 2431 757 2508 Typhon,

130 2511 224 2586 prius,
241 2511 366 2574 Ossaeis
382 2521 582 2575 consternens
597 2516 722 2575 aethera
736 2514 830 2590 saxis,

123 2595 195 2654 ethio
211 2597 326 2656 celsum
342 2597 517 2672 duplicabat
529 2599 644 2660 vertice
659 2598 831 2677 Olympum.

122 2699 127 2735 ε
142 2679 221 2739 deae
234 2682 336 2740 velum
351 2682 481 2742 solemni
496 2684 677 2760 intempore
691 2691 827 2760 portantr

133 2770 163 2824 te
176 2765 296 2839 vellem,
312 2766 454 2826 iuvenum
469 2767 654 2842 doctissime,
668 2770 726 2830 ritu
979 2771 1014 2826 35
1065 2796 1070 2811 ·

122 2863 229 2909 aureos
244 2850 322 2909 inter
337 2850 426 2911 Soles
442 2860 472 2913 et
486 2854 618 2914 eandida
630 2854 735 2914 Lunae

122 2948 173 3006 rra,
191 2935 339 2995 caeruleis
355 2934 459 3007 orbem
473 2939 626 3012 pulsantia
638 2937 728 3010 bigis,

121 3032 186 3076 rrae
200 3033 301 3079 rerum
315 3020 434 3095 magnis
450 3021 586 3081 intexere
601 3019 730 3087 chartis;

121 3114 222 3160 ernum
236 3102 371 3178 Sophiae
386 3105 579 3165 coniunctum
593 3101 727 3160 carmine
741 3111 851 3158 nomen

120 3187 167 3241 tra
180 3189 263 3244 tuum
278 3187 403 3247 senibus
419 3188 594 3260 loqueretur
608 3182 720 3257 pagina
734 3179 835 3240 seclis.

138 3268 281 3340 quoniam
296 3271 335 3330 ad
350 3278 449 3330 tantas
465 3284 544 3328 nunc
560 3268 688 3342 primurn
702 3263 856 3323 nascimur
869 3268 960 3337 artes,

120 3364 142 3407 rc
158 3350 284 3424 primum
300 3360 421 3414 teneros
437 3354 591 3413 firmamus
606 3347 718 3408 robore
733 3360 861 3416 nervos3

119 3448 143 3492 ro
157 3439 258 3495 tamen
272 3436 397 3513 interea,
414 3450 493 3513 quae
508 3448 684 3511 possumus,
699 3431 730 3491 ln
746 3429 857 3532 quibus
871 3430 943 3491 aevi
1034 3522 1072 3575 Ι
