2340 4296
156 606 220 673 280
431 606 462 665 P.
484 606 645 667 vrnalill
665 606 839 669 aaronis

156 762 228 837 lpse
243 760 355 821 sedens
370 760 552 835 clarumque
565 759 643 834 regit
656 759 795 835 velisque
808 758 968 823 ministrat.

155 850 258 920 Atque
272 843 313 902 illi
328 843 428 923 medio
442 844 473 903 in
488 842 588 919 spatio
603 842 724 917 chorus,
738 858 820 915 ecce,
835 848 964 906 suarum

157 927 295 987 Occurrit
308 928 466 988 comitumz
486 926 655 1003 Nymphae,
671 942 749 1001 quas
764 927 844 987 mma
857 926 987 1005 Cybebe
1065 942 1118 998 zuo

156 1012 273 1072 Numen
287 1010 400 1071 habere
413 1010 505 1071 araris
519 1008 739 1086 Nymphasque
753 1026 771 1071 e
785 1010 915 1071 navibus
930 1028 1007 1076 esse

156 1096 299 1169 iusserat,
314 1094 458 1155 innabant
471 1094 584 1171 pariter
597 1090 770 1168 fluctusque
784 1094 940 1168 secabant,

157 1180 235 1255 Quot
249 1180 334 1255 prius
349 1186 471 1239 aeratae
484 1182 629 1238 steterant
642 1178 683 1235 ad
697 1178 785 1237 litora
799 1192 918 1253 prorae.

156 1268 336 1340 Agnoscunt
349 1264 440 1337 longe
454 1275 565 1336 regem,
580 1260 770 1335 lustrarrlque
783 1262 914 1321 choreis.

157 1350 286 1423 Quarum
302 1361 380 1421 quae
395 1346 478 1405 tandi
494 1343 680 1417 doctissima,
694 1344 891 1421 Cymodocea
1067 1360 1118 1413 ηε,

156 1431 238 1491 Pone
252 1445 387 1505 sequens
401 1430 509 1489 dextra
522 1428 649 1503 puppim
662 1434 752 1503 tenet,
766 1429 897 1504 ipsaque
911 1429 1012 1493 dorso

156 1514 282 1587 Eminet,
297 1528 334 1572 ac
347 1514 436 1571 laeva
449 1510 548 1571 tacitis
562 1510 748 1587 subremigat
761 1512 869 1580 undis;

156 1598 229 1657 Tam
244 1597 288 1656 sic
303 1597 441 1671 ignarum
455 1594 632 1669 alloquitur:
654 1596 839 1671 „vigilasne
855 1595 948 1656 derina
961 1614 1056 1675 gens,

157 1684 302 1756 „Aeneas
323 1679 433 1753 Vigila,
449 1684 479 1737 et
491 1678 569 1738 velis
583 1678 706 1739 immitte
720 1680 874 1739 rudentes.

157 1763 238 1839 „Nos
254 1779 368 1831 sumus,
383 1762 493 1821 Idaeae
506 1777 596 1822 sacro
612 1763 651 1821 de
666 1763 778 1823 verlice
792 1765 891 1839 pinus,
1067 1778 1120 1833 2³0

158 1846 259 1923 „Nunc
274 1845 375 1921 pelagi
388 1846 556 1923 Nymphae,
571 1846 681 1906 classis
695 1852 755 1906 luo.
789 1846 927 1907 Perfidus
943 1854 978 1907 ut
991 1866 1056 1913 nos

157 1930 359 2006 „Praecipites
375 1930 454 1989 lerro
469 1930 598 1991 llumlus
612 1928 796 2006 flammaque
809 1929 983 2006 premebat,

156 2014 322 2092 „lttrpimus
337 2014 448 2073 invitae
463 2020 515 2074 tua
528 2014 658 2088 vincula,
673 2022 763 2089 teque
777 2030 833 2090 per
846 2029 966 2089 aequor

156 2098 362 2176 „Quaerimus
397 2098 483 2157 Hanc
496 2098 634 2173 genetrix
648 2098 756 2157 taciem
770 2098 912 2157 miserata
924 2100 1048 2175 reiecit,

157 2183 212 2258 „Et
226 2183 310 2242 ledit
324 2196 394 2241 esse
408 2182 484 2241 deas
499 2196 669 2255 aevurnque
683 2182 797 2255 agitare
811 2181 868 2241 snb
883 2182 987 2242 undis.
1067 2197 1122 2251 935

157 2270 215 2341 „At
230 2282 305 2342 puer
318 2265 470 2325 Ascanius
484 2279 571 2325 muro
586 2264 741 2339 lassisque
752 2272 869 2326 tenetur

157 2350 246 2425 „Tela
261 2351 337 2409 inter
350 2349 451 2409 media
464 2355 555 2423 alque
569 2347 727 2409 horrentes
740 2348 836 2409 Marte
849 2348 985 2411 Latinos.

157 2433 238 2509 „lani
253 2435 321 2493 loca
334 2433 420 2493 iussa
433 2439 514 2492 tenet
528 2432 597 2492 lorti
611 2432 779 2507 permixtus
792 2432 920 2493 Euusco

157 2520 273 2593 „Arcas
288 2531 398 2590 eques·
422 2517 539 2577 medias
552 2515 612 2576 illis
628 2531 785 2591 opponere
799 2522 923 2587 turmas,

157 2602 219 2677 „Ne
234 2600 342 2661 cistris
356 2600 489 2675 iungant,
505 2606 588 2659 certa
601 2607 648 2659 est
661 2599 811 2660 sententia
823 2599 934 2659 Turno.
1066 2614 1123 2667 240

157 2684 274 2759 „Surge
289 2698 354 2759 aga,
370 2690 400 2743 et
413 2686 534 2743 Aurora
548 2683 651 2744 socios
666 2683 806 2744 veniente
820 2682 924 2742 uocari

157 2767 313 2843 „Primus
305 2784 336 2827 m
351 2784 435 2828 arara
448 2767 527 2840 iube,
547 2774 578 2827 et
591 2768 726 2843 elipeum
734 2782 820 2841 cape,
839 2780 929 2840 quem
943 2764 1056 2829 dedit'
1046 2787 1122 2848 ipse

156 2851 322 2927 „invictum
336 2851 511 2927 ignipotens
525 2858 617 2925 atque
631 2866 701 2911 oras
716 2850 820 2911 ambiit
832 2864 918 2909 auro

156 2934 313 3007 „Crastina
327 2935 387 3008 lux,
403 2951 472 2995 mea
485 2934 513 2995 si
526 2950 588 2994 non
603 2934 685 2993 irrita
699 2933 780 2994 dicta
793 2932 918 3009 putaris,

156 3018 317 3093 „lugentes
328 3020 456 3080 Rutulae
471 3016 620 3093 spectabit
631 3018 735 3077 caedis
746 3020 905 3077 acervosf‘
1063 3030 1122 3087 aas

156 3102 288 3176 Dixerat,
304 3109 333 3162 et
347 3103 454 3162 dextra
468 3101 632 3161 discedens
646 3102 764 3176 impulit
777 3103 877 3169 nmini,

155 3186 266 3246 llaud
259 3202 365 3261 ignara
377 3183 469 3258 modi,
484 3184 620 3259 puppim
655 3183 745 3259 Fugit
756 3184 808 3245 illa
823 3198 878 3260 per
892 3182 992 3243 undas

156 3268 247 3331 Ocior
261 3277 290 3330 et
304 3269 403 3329 iaculo
417 3274 447 3328 et
460 3275 569 3328 ventos
584 3276 736 3343 aequante
751 3269 870 3343 sagitta.

155 3353 229 3414 lnde
243 3354 321 3413 aliae
335 3353 467 3413 celerant
481 3367 599 3413 cursus.
639 3351 746 3428 Stupet
759 3352 873 3412 inscius
889 3352 960 3425 ipse

154 3437 230 3499 Tros
244 3435 458 3509 Anchisiades,
474 3436 592 3497 animos
607 3442 707 3496 umen
722 3435 822 3495 omine
837 3435 921 3495 tollit
1063 3446 1125 3503 250

154 3521 228 3581 Turn
244 3520 375 3581 breviter
389 3536 501 3596 supera
514 3520 699 3597 adspectans
714 3534 854 3579 convexa
868 3524 1028 3595 precaturi

155 3606 263 3679 „Alma
276 3619 388 3679 parens
402 3605 496 3665 lilaea
508 3605 609 3679 deum,
623 3604 673 3664 cui
688 3603 840 3680 Dindyma
853 3602 939 3663 cordi

155 3688 412 3764 „Turrigeraeque
426 3688 517 3749 urbes
530 3688 686 3763 biiugique
700 3688 740 3747 ad
754 3688 840 3748 irena
855 3688 971 3763 leones,

155 3770 215 3845 „Tu
230 3770 302 3830 mihi
316 3788 397 3833 nune
411 3788 531 3848 pugnae
546 3772 699 3848 princeps,
714 3780 747 3832 tu
759 3770 816 3831 rite
830 3771 1024 3847 propinques

153 3854 351 3929 ‚,llnguriun1‚
358 3854 589 3933 Phrygibusque
596 3855 682 3916 adsis
688 3856 779 3931 pede,
786 3854 867 3929 diva,
876 3854 1049 3917 secundo.“
1063 3868 1121 3921 255
