2326 3780
128 306 131 313 ,
153 227 201 293 oo
424 228 456 287 r.
477 226 639 291 vrucrm
658 224 832 287 utnours

137 366 140 371 ’
153 380 381 455 Tollentemque
394 378 493 437 minas
507 384 540 437 ct
552 376 641 437 sibila
654 377 734 437 colla
746 382 914 438 tumentem·
1010 398 1014 403 ·

154 465 274 535 Delice;
297 465 418 537 iamque
432 463 505 537 iuga
517 462 654 521 timidum
667 468 760 537 caput
771 461 889 522 abdidit
903 461 974 535 alte,

156 550 252 624 Quum
266 546 358 607 medii
371 562 470 605 nexus
485 554 700 620 extremaeque
714 546 835 620 agmina
848 544 969 605 caudae

156 633 327 704 Solvuntur,
344 630 511 704 urdosque
524 629 615 689 trahit
627 629 713 689 sinus
726 629 849 689 ultimus
864 628 969 691 orbes,

154 718 210 778 Est
223 718 313 777 etiam
327 715 378 773 illa
390 713 488 772 000100
503 712 638 772 Calabris
653 713 684 771 in
699 711 826 773 saltibus
839 713 958 788 anguis,
1062 722 1104 776 405

157 801 310 876 Squamea
324 797 511 858 convolvens
520 796 647 856 sublato
661 803 786 871 pectore
800 803 886 871 terga

154 887 256 958 Atque
270 882 350 942 notis
365 881 487 955 longam
500 880 677 940 maculosus
690 880 857 955 grandibus
873 880 986 953 alvum,

156 968 220 1041 Qui,
237 967 308 1026 dum
322 980 428 1024 munes
442 963 496 1023 ulli
509 970 690 1038 rumpuntur
702 963 836 1023 fontibus
851 970 881 1022 ct
894 964 968 1024 dorm

154 1052 236 1109 Vere
250 1048 373 1107 madent
385 1048 448 1107 udo
461 1053 611 1106 terrae-uc
624 1047 808 1123 pluvialibus
822 1047 954 1119 Austris,

156 1132 272 1207 Stagna
286 1131 365 1204 colit,
381 1131 518 1206 ripisque
532 1128 686 1203 habitans,
699 1130 748 1191 bic
763 1130 899 1207 piscibus
913 1136 1024 1190 utram
1057 1139 1110 1192 400

155 1215 315 1291 Improbus
329 1214 492 1289 ingluviem
505 1214 651 1289 ranisque
665 1214 846 1289 loquacibus
862 1215 982 1289 expiem

154 1300 320 1374 Postquam
334 1304 442 1357 exusta
456 1299 544 1373 palus
559 1304 720 1372 terraeque
734 1298 844 1358 ardore
859 1298 1030 1371 debiscunt,

153 1383 262 1443 Exsilit
275 1381 305 1442 in
320 1381 443 1455 siccum,
458 1386 489 1440 et
502 1379 688 1441 flammantia
705 1382 818 1442 lumina
832 1388 981 1458 torquens

157 1465 357 1541 Saevit-agris
373 1480 525 1540 asperque
540 1465 588 1525 siti
603 1473 695 1541 atque
709 1466 870 1526 exterritus
884 1472 983 1526 aestu.

154 1550 217 1610 Nec
231 1550 303 1609 mihi
317 1556 380 1610 tum
394 1550 502 1609 molles
516 1548 573 1609 sub
588 1549 661 1608 divo
675 1564 801 1624 carpere
816 1565 952 1623 somnos-
1057 1556 1107 1611 430

157 1634 220 1694 Neu
235 1634 329 1694 dorso
343 1634 476 1693 nemoris
491 1632 584 1693 libeat
595 1633 729 1692 iacuisse
744 1649 799 1708 per
812 1632 934 1706 herbas,

156 1718 250 1792 Quum
265 1717 375 1793 positis
389 1733 493 1778 novus·
504 1717 623 1777 exuviis
638 1717 812 1793 nitidusque
825 1717 951 1778 iuventa

154 1801 302 1872 Volvitur,
319 1808 370 1863 cut
384 1803 501 1861 catulos
515 1801 603 1861 tectis
617 1807 670 1860 aut
683 1815 745 1860 ova
757 1801 942 1875 relinquens,

154 1886 278 1948 Arduus
294 1885 334 1945 ud
349 1886 447 1944 solem
461 1892 492 1944 et
503 1884 614 1958 linguis
629 1885 719 1943 micat
735 1899 788 1943 ore
801 1884 946 1944 trisulcis.

196 1968 372 2029 Morborum
387 1983 510 2042 quoque
523 1973 554 2026 tc
568 1966 680 2027 causas
695 1974 726 2027 et
739 1968 827 2042 signa
841 1967 973 2028 docebo.
1055 1974 1109 2029 440

154 2052 263 2129 turpis
278 2067 353 2112 oves
368 2057 462 2111 tentat
474 2050 605 2121 scabies,
620 2050 671 2110 ubi
687 2052 814 2125 frigidus
828 2051 926 2111 imber
946 2084 951 2093 ·

154 2137 253 2197 Altius
269 2136 309 2195 ad
322 2135 426 2195 vivum
441 2135 576 2209 persedit
589 2140 619 2194 et
632 2134 758 2194 horrida
771 2150 849 2194 cano
957 2174 960 2179 -

154 2220 266 2280 Bruma
280 2219 359 2293 gelu,
375 2219 426 2279 vel
442 2234 534 2294 quum
548 2218 646 2278 tonsis
659 2219 762 2279 illotus
776 2219 916 2278 adhaesit

155 2302 265 2376 Sudor,
281 2308 311 2362 et
323 2302 430 2362 hirsuti
444 2298 607 2362 secuerunt
621 2318 752 2379 corpora
765 2318 902 2379 vepres.-

153 2386 299 2447 Dulcibus
314 2386 428 2447 idcirco
442 2385 545 2446 fluviis
560 2402 654 2461 pecus
670 2402 760 2446 omne
773 2386 908 2461 magistri
1058 2390 1108 2447 440

154 2470 347 2544 pertundunt,
362 2471 495 2547 udisque
509 2469 590 2531 aries
604 2471 634 2529 in
649 2471 767 2545 gurgite
783 2471 862 2530 villis

153 2553 311 2626 Mersatur,
327 2555 504 2630 missusque
517 2555 654 2614 secundo
670 2553 778 2613 defluit
791 2553 887 2622 amni;

154 2638 216 2696 Aut
229 2642 350 2697 tonsum
364 2639 442 2698 tristi
455 2639 632 2711 contingunt
646 2653 759 2713 corpus
775 2640 920 2710 0000000,Ι

154 2720 191 2779 Et
205 2735 330 2795 spumas
345 2720 473 2781 miscent
485 2721 601 2795 argenti
616 2728 647 2781 et
660 2723 778 2781 sulfura
790 2721 871 2794 vivo,

154 2805 325 2877 idaeasque
340 2804 425 2879 pices
439 2811 469 2864 et
482 2804 613 2879 pingues
628 2806 760 2880 unguine
773 2820 861 2865 cerus
1057 2811 1108 2865 400

155 2887 338 2962 scillamque
354 2887 569 2962 elleborosque
582 2904 693 2963 graves
707 2885 1050 2964 nigrumquebitumeu.

152 2972 219 3033 Non
234 2977 332 3031 tumen
348 2971 411 3033 ulla
424 2973 522 3047 magis
536 2988 685 3048 praesens
700 2974 821 3033 fortuna
833 2970 972 3031 laborum
987 2977 1046 3046 est,

155 3056 250 3130 Quam
264 3056 290 3116 si
306 3055 374 3130 quis
389 3056 469 3115 ferro
485 3056 582 3132 potuit
594 3056 770 3116 rescindere
783 3068 934 3117 summum

152 3140 270 3201 Ulceris
287 3155 337 3199 osr
359 3139 448 3199 ulitur
460 3140 565 3200 vitium
579 3140 714 3215 vivitque
726 3138 868 3215 tegendo,

152 3224 232 3284 Dum
245 3223 380 3283 medicas
395 3223 541 3284 adhibere
554 3240 662 3284 manus
677 3224 717 3284 ad
731 3224 859 3285 vulnera
872 3228 981 3297 pustor
1054 3230 1107 3284 400

152 3308 301 3383 Abnegat
317 3315 369 3368 aut
383 3308 509 3369 meliora
523 3308 599 3367 deos
615 3306 817 3368 sedetomlnu
830 3320 975 3382 poscens.

155 3391 231 3465 Quin
245 3392 342 3464 etiam,
358 3393 420 3452 ima
433 3394 522 3453 dolor
535 3391 689 3452 balantum
702 3392 809 3467 lapsus
823 3390 865 3450 ud
878 3404 954 3450 ossa

153 3474 251 3551 Quum
265 3476 441 3552 inritatque
455 3485 537 3540 artus
553 3476 728 3613 depascitur
740 3475 828 3537 arida
841 3472 946 3551 cebris,
