2326 3780
163 196 227 261 128
430 196 462 255 P.
483 197 644 258 VIRGILII
665 196 841 260 MARONIS

160 351 299 413 Threicio
315 349 388 424 regi,
405 366 498 425 quum
512 349 573 408 iam
587 350 740 410 diffideret
754 351 846 411 armis

162 436 334 497 Dardaniae
349 434 490 508 cingique
503 435 610 493 urbem
626 434 787 495 obsidione
801 436 930 496 videret.

161 521 224 595 Ille,
238 526 271 580 ut
286 534 362 594 opes
378 518 492 577 tractae
505 519 662 593 Teucrum,
677 525 707 578 et
720 518 853 580 Fortuna
866 519 1007 596 recessit,

161 606 224 665 Res
239 602 496 678 Agamemnonias
510 603 708 677 victriciaque
722 619 807 662 arma
821 612 955 678 secutus,

161 688 222 751 Fas
237 703 326 747 omne
341 686 501 761 abrumpit,
515 685 702 764 Polydorum
717 687 884 762 obtruncat,
900 695 930 748 et
943 702 1021 751 auro
1088 698 1121 753 55

162 772 203 834 Vi
216 772 337 848 potitur.
366 769 444 843 Quid
458 785 520 829 non
535 771 673 831 mortalia
686 778 813 845 pectora
827 772 922 846 cogis,

162 858 237 917 Auri
252 871 341 916 sacra
355 855 474 913 fames?
492 853 660 929 Postquam
674 870 772 929 pavor
787 871 861 915 ossa
875 857 1010 930 reliquit,

162 942 305 1002 Delectos
320 939 426 1014 populi
440 939 480 997 ad
495 954 642 1014 proceres
656 939 855 1015 primumque.
863 948 1024 1015 parentem

162 1026 300 1087 Monstra
313 1021 403 1082 deum
419 1022 518 1081 relero
533 1029 572 1096 et,
588 1037 667 1097 quae
682 1023 722 1082 sit
735 1024 893 1098 sententia,
911 1039 1022 1098 poseo.

163 1108 310 1169 Omnibus
325 1105 406 1165 idem
420 1105 548 1180 animus,
562 1107 713 1167 scelerata
726 1107 878 1167 excedere
891 1114 982 1183 terra,
1086 1117 1122 1172 6⁰

163 1192 272 1265 Linqui
287 1190 434 1265 pollutum
447 1189 614 1264 hospitimn
627 1196 658 1250 et
671 1190 746 1250 dare
761 1191 912 1251 classibus
927 1198 1065 1253 austros.

161 1276 243 1350 Ergo
259 1275 462 1334 instauramus
476 1273 631 1353 Polydoro
646 1276 746 1350 tunus,
766 1275 916 1350 elingens

162 1358 327 1434 Aggeritur
340 1359 453 1417 tumulo
468 1358 574 1419 tellus=
599 1366 680 1420 stant
691 1358 833 1420 Manibus
849 1374 921 1419 arae

164 1442 317 1504 Caeruleis
332 1450 467 1502 maestae
481 1444 563 1504 vitiis
578 1450 704 1518 atraque
719 1458 878 1518 cupresso,

163 1529 200 1587 Et
214 1528 327 1587 circum
340 1527 452 1587 Iliades
467 1528 579 1587 crinem
594 1529 633 1588 de
646 1543 732 1587 more
746 1529 879 1598 solutae,
1085 1536 1121 1592 65

163 1612 322 1673 Inlerimus
337 1612 441 1686 tepido
456 1612 631 1687 spumantia
644 1610 767 1690 cymbia
779 1612 859 1676 lacte

164 1696 327 1771 Sanguinis
343 1701 374 1755 et
387 1696 467 1755 sacri
481 1703 614 1771 pateras,
629 1697 822 1770 animamque
838 1697 980 1771 sepulcro

163 1781 338 1855 condimus,
353 1787 383 1839 et
396 1796 507 1854 magna
521 1796 697 1855 supremum
709 1795 788 1839 voce
803 1780 928 1839 olemus.

162 1865 246 1940 Inde,
261 1865 314 1924 ubi
328 1865 427 1940 prima
440 1864 519 1923 tides
534 1866 654 1938 pelago,
669 1865 852 1938 placataque
866 1864 948 1924 venti

162 1950 241 2009 Dant
255 1950 358 2022 maria,
374 1955 403 2006 et
416 1948 495 2006 lenis
509 1948 661 2021 crepitans
676 1955 768 2006 vocat
782 1955 885 2007 auster
898 1949 932 2013 ln,
943 1948 1047 2023 altum,
1084 1956 1121 2012 it)

162 2032 321 2095 Deducunt
336 2032 413 2092 socii
426 2047 523 2091 naves
537 2038 567 2090 et
581 2031 669 2091 litora
683 2032 845 2107 complent.

162 2118 358 2178 Provehimur
371 2123 473 2191 portu,
491 2121 652 2189 terraeque
665 2115 820 2189 urbesque
832 2114 989 2175 recedunt.

206 2202 300 2261 Sacra
313 2200 389 2259 mari
405 2199 512 2258 colitur
525 2199 627 2258 medio
641 2198 815 2273 gratissima
827 2197 917 2258 tellus

162 2286 324 2346 Nereidum
338 2284 425 2342 matri
440 2290 471 2341 et
483 2283 622 2359 Neptuno
636 2284 769 2357 Aegae'o,

164 2369 257 2442 Quam
272 2369 341 2443 pius
355 2367 546 2440 Arcitenens,
562 2383 632 2427 oras
647 2374 677 2425 et
691 2368 778 2425 litora
793 2367 908 2429 circum
1081 2374 1118 2432 75

161 2452 328 2523 Errantem,
346 2452 480 2529 Mycono
495 2467 513 2511 e
528 2452 612 2511 celsa
627 2452 793 2528 Gyaroque
806 2451 948 2525 revinxit,

162 2537 381 2609 Immotamque
396 2536 455 2594 coli
471 2535 557 2595 dedit
569 2542 599 2594 et
614 2542 807 2595 contemnere
820 2545 948 2598 ventos:

161 2620 228 2681 Huc
242 2621 338 2685 ierom
362 2620 438 2678 haec
453 2621 555 2680 fessos
570 2625 633 2679 tuto
648 2620 856 2693 placidissimo
871 2628 962 2695 portu

79 2780 82 2786 Ι
164 2704 290 2779 Accipit.
319 2703 444 2776 Egressi
457 2718 639 2762 veneramur
652 2703 803 2778 Apollinis
817 2703 934 2765 urbem.

161 2789 229 2849 Rex
242 2787 349 2860 Anius,
364 2802 419 2845 rex
434 2787 514 2846 idem
528 2787 685 2846 hominum
698 2786 875 2863 Phoebique
889 2786 1047 2864 sacerdos,
1080 2796 1118 2855 80

164 2873 252 2933 vittis
268 2877 297 2930 et
312 2886 400 2931 sacra
413 2872 572 2931 redimitus
586 2878 725 2947 tempora
739 2874 833 2946 lauro,

164 2956 308 3030 Occurrit,
323 2962 458 3014 veterem
472 2956 629 3015 Anchisen
643 2956 784 3030 agnoscit
796 2955 941 3015 amicum=

162 3041 317 3116 Iungimus
331 3038 465 3115 hospitio
481 3040 614 3115 dextras,
630 3046 660 3099 et
673 3046 754 3099 tecta
768 3038 915 3100 subimus.

162 3125 287 3200 Templa
301 3124 350 3183 dei
366 3140 443 3185 saxo
457 3124 627 3184 venerabar
641 3130 755 3185 structa
768 3129 904 3183 vetusto=

162 3209 228 3282 „Da
239 3208 405 3284 propriam,
416 3206 616 3287 Thymbraee,
627 3207 765 3268 domum!
781 3208 827 3267 lia
837 3206 959 3267 moenia
970 3206 1065 3269 fessis
1081 3216 1116 3273 85

163 3292 219 3364 „Et
233 3306 331 3365 genus
347 3299 377 3351 et
390 3306 564 3353 mansuram
578 3292 699 3351 urbem!
723 3290 821 3353 Serva
834 3291 929 3351 altera
943 3292 1053 3351 Troiae

162 3374 335 3451 „Pergama
350 3376 495 3452 reliquias
508 3376 647 3437 Danaum
662 3383 754 3451 atque
767 3374 888 3435 immitis
902 3374 1024 3435 Achilli.

57 3489 118 3570 Ι
152 3458 273 3537 „Quem
288 3460 457 3542 sequimur,
474 3478 578 3542 quove
591 3462 638 3523 ire
650 3458 949 3535 tubequhtponene
960 3460 1076 3519 sedest
