2326 3780
152 174 216 250 tlt
426 175 458 234 P.
483 176 642 236 VIRGlLII
662 176 837 239 MAROle

150 328 270 388 manca
284 344 375 388 manu
389 329 480 404 pinus
493 328 570 403 regit
583 335 614 389 et
626 330 756 405 vestigia
770 330 884 401 rinnau

151 411 319 487 Lanigerae
333 413 514 473 comitantur
527 427 620 473 oves=
642 428 680 473 ea
694 414 762 474 sola
774 414 928 491 voluptas,
1058 425 1112 481 66⁰

153 496 359 574 Solorncnquc
373 499 455 559 mali.

151 581 319 658 Postquam
333 583 412 643 altos
425 583 522 657 tetigit
535 580 646 643 ductus
661 588 692 641 et
705 581 746 641 ad
759 597 897 657 aequora
909 584 1013 653 venit;

149 666 289 749 Luminis
303 665 411 727 effossi
425 665 554 727 liuidum
568 667 641 726 lavit
654 666 727 725 inde
741 680 888 739 cruorem,

151 749 300 810 Dentibus
315 751 492 811 infrendens
507 750 628 825 gemitu,
643 749 840 826 graditurque
854 765 910 826 per
924 765 1046 826 aequor

152 834 217 894 Iam
230 835 380 895 mediumz
401 834 532 894 necdmn
546 832 657 894 fluctus
672 834 768 894 latera
781 834 879 893 ardua
890 833 988 894 linxit.
1057 845 1109 900 665

151 918 215 978 Nos
229 914 338 994 procul
351 918 423 977 inde
437 918 540 993 lugam
553 918 663 993 trepidi
679 918 821 991 celerare,
836 924 960 993 recepto

153 1001 300 1078 Supplice
314 1002 360 1061 sic
374 1002 490 1073 merito,
505 1001 649 1077 tacitique
663 1001 798 1061 incidere
812 1002 929 1073 lunem;

152 1086 310 1145 verrimus
325 1092 356 1145 et
369 1086 458 1161 proni
473 1085 656 1145 certantibus
671 1099 808 1160 aequora
821 1084 924 1145 remis.

154 1168 257 1231 Sensit
271 1169 354 1228 etad
369 1170 502 1230 sonitum
516 1170 603 1229 vocis
618 1170 748 1245 vestigia
761 1170 858 1229 torsit.

152 1253 267 1312 Vemm
281 1251 334 1313 ubi
348 1254 431 1313 ntdla
444 1254 533 1313 datur
546 1254 655 1313 dextm
667 1253 811 1313 affectare
825 1260 974 1329 potestas,
1058 1264 1109 1319 olo

152 1336 215 1396 Nec
230 1336 312 1411 potis
326 1336 430 1398 Ionios
445 1336 556 1405 durus
571 1353 703 1412 aequare
718 1338 893 1412 sequendo;

154 1420 324 1480 Clamorem
337 1422 615 1494 immensumtollit,
632 1436 693 1497 quo
708 1427 821 1497 pontus
835 1426 867 1481 et
879 1436 986 1484 omnes

153 1504 339 1565 Intremuere
353 1506 470 1579 undae·
479 1507 663 1582 penitusque
676 1507 819 1566 exterrita
831 1504 921 1567 tellus
980 1534 984 1541 ·

153 1588 266 1661 Italiae,
282 1589 447 1665 curvisque
460 1590 606 1665 immugiit
618 1591 718 1648 Aetna
732 1590 881 1650 cavernis.

153 1676 195 1733 At
207 1689 305 1749 genus
319 1690 338 1733 e
352 1674 441 1734 silvis
456 1674 624 1750 Cyclopum
638 1681 668 1732 et
680 1673 833 1733 montibus
848 1674 916 1734 altis
1058 1684 1109 1739 675

152 1758 293 1817 Excitum
305 1758 365 1818 ruit
378 1758 418 1817 ad
432 1766 548 1833 portus,
563 1765 593 1817 et
606 1758 695 1819 litora
708 1757 869 1832 complent.

154 1840 310 1903 Cernimus
325 1842 482 1903 adstantes
497 1842 705 1916 nequidquam
718 1841 830 1901 lumine
844 1846 932 1900 torvo

154 1928 311 1986 Aetnaeos
325 1926 444 1998 iratres,
460 1926 547 1985 coelo
564 1926 665 2000 capita
679 1925 739 1984 alta
754 1926 895 1997 ferentes,

155 2010 321 2071 Concilimn
335 2008 536 2069 horrendum:
560 2010 666 2084 quales
683 2024 775 2082 quum
789 2009 903 2067 vertice
918 2011 1002 2069 celso

153 2095 264 2154 Atrine
280 2108 411 2169 quercus
427 2100 478 2152 aut
492 2093 645 2152 coniferae
660 2092 812 2168 cyparissi
1058 2102 1111 2157 680

155 2178 367 2250 constiterunt,
383 2175 463 2236 silvo
477 2178 537 2235 ulta
550 2176 633 2236 Iovis
648 2177 775 2237 lucusve
789 2176 914 2235 Dianae.

153 2261 338 2336 Praecipites
353 2268 451 2319 metus
466 2275 537 2319 acer
550 2260 621 2336 agit,
639 2276 831 2335 quocumque
845 2261 989 2320 rudentes

154 2344 304 2405 Excutere
318 2350 348 2403 et
361 2344 460 2403 ventis
474 2344 632 2404 intendere
646 2345 715 2404 vela
728 2344 888 2413 secundis;

155 2428 278 2502 [Contm
292 2428 379 2487 iussa
392 2434 517 2488 monent
530 2428 646 2500 Heleni,
662 2427 797 2504 Scyllam
808 2436 900 2503 atque
912 2427 1108 2503 Charybdim]

155 2512 248 2586 [Inter
261 2518 420 2587 utramque
434 2511 516 2571 viam
531 2512 582 2571 leli
597 2511 772 2572 discrimine
786 2517 904 2588 parva]
1057 2519 1110 2575 685

156 2595 203 2669 [lli
217 2602 339 2655 teneant
353 2609 471 2655 cursus.
506 2594 626 2655 Certum
640 2602 688 2656 est
702 2597 776 2655 dare
790 2596 882 2654 lintea
895 2600 998 2666 retro]

154 2679 235 2738 Ecce
249 2687 350 2738 nutem
361 2678 478 2739 Boreas
494 2686 624 2754 angusta
637 2679 675 2739 ab
690 2680 766 2740 sede
779 2679 879 2739 Pelori

155 2762 269 2822 Missus
285 2762 382 2822 adest
416 2762 497 2823 Vivo
512 2764 730 2839 praetervehor
745 2764 825 2824 ostia
838 2776 916 2823 saxo

155 2846 319 2923 Pantagiae
332 2846 537 2924 Megarosque
552 2848 638 2909 sinus
651 2848 867 2924 Thapsumque
882 2847 1040 2907 iacentem.

154 2930 239 2992 Talia
251 2930 440 2992 monstrabat
452 2932 594 3007 relegens
609 2938 708 2992 errata
721 2939 874 2992 retrorsus
1057 2938 1110 2994 690

154 3013 257 3075 Litora
270 3014 506 3090 Achemenides,
522 3031 626 3076 comes
640 3016 770 3076 inlelicis
783 3015 875 3077 Ulixi.

196 3099 319 3160 Sicanio
333 3107 491 3175 praetenta
504 3100 574 3161 sinu
587 3100 666 3160 iacet
679 3100 780 3161 insula
794 3105 901 3160 contra

154 3181 338 3261 Plemyrium
351 3184 520 3256 undosum;
529 3224 533 3231 -
542 3199 653 3244 nomen
668 3184 773 3245 dixere
787 3184 907 3260 priores

156 3265 320 3344 Ortygiam.
355 3268 507 3344 Alpheum
524 3269 605 3327 lama
618 3274 666 3329 est
679 3269 739 3329 huc
751 3268 848 3328 Elidis
863 3282 982 3327 amnem

156 3348 296 3412 Occultos
312 3351 414 3426 egisse
428 3352 496 3413 vias
511 3350 616 3413 subter
629 3368 721 3427 mare,
739 3352 791 3427 qui
805 3367 886 3412 nunc
1057 3358 1108 3415 695

157 3433 225 3510 Ore,
239 3435 401 3511 Arethusa,
416 3442 469 3498 tuo
484 3435 595 3499 Siculis
609 3436 804 3498 conhrnditur
816 3435 916 3495 undis.
929 3502 933 3509 ,
