2326 3780
358 209 712 271 nemarcos-nmina
964 209 1027 275 299

109 366 174 425 lanc
189 363 316 439 patriam
331 378 480 438 peperere
494 380 561 438 suo,
578 364 721 424 decorate
736 362 887 438 supremis
993 374 1027 427 25

110 447 280 517 iuneribus;
303 453 512 523 maestamque
525 447 661 508 Evandri
675 447 790 522 primus
806 448 848 508 ad
859 447 965 509 urbem

110 534 221 595 littatur
233 530 341 604 Pallas,
359 547 449 604 quem
463 548 525 592 non
540 532 658 592 virtutis
674 538 813 605 egentem

111 616 222 679 ‚bstulit
235 623 301 675 atra
314 615 381 674 dies
397 622 426 674 et
441 616 546 676 funere
560 615 666 676 mersit
680 614 821 674 acerbo.“

111 718 121 763 a
136 702 178 762 ait
191 700 374 759 illacrimans
388 700 558 774 recipitque
573 701 614 760 ad
628 699 730 759 limina
744 714 895 774 gressum,

113 802 189 863 rpus
204 783 255 843 ubi
271 783 401 842 exanimi
417 784 550 858 positum
564 782 707 844 Pallantis
721 784 856 843 Acoetes
993 791 1028 847 30

113 869 220 931 rvabat
234 867 345 938 senior,
363 867 414 941 qui
427 866 589 927 Parrhasio
603 866 748 927 Evandro

114 954 209 1028 miger
223 958 292 1010 ante
308 950 370 1024 luit,
384 951 442 1010 sed
457 967 518 1011 non
535 952 673 1013 felicibus
689 966 787 1025 aeque

116 1054 143 1097 m
159 1052 261 1096 comes
277 1035 423 1110 auspiciis
439 1051 509 1095 caro
525 1035 615 1096 datus
630 1035 693 1095 ibat
706 1036 837 1095 alumno.

117 1134 188 1181 cum
203 1120 523 1194 omnisvlamulquue
538 1136 646 1179 manus
661 1119 852 1194 Troianaque
866 1117 954 1179 turba

118 1212 267 1265 maestum
281 1204 392 1262 Iliades
408 1203 519 1262 crinem
536 1203 575 1263 de
589 1219 674 1264 more
689 1204 816 1264 solutae.
992 1210 1027 1265 35

119 1304 196 1349 vero
211 1291 333 1347 Aeneas
349 1286 465 1346 loribus
482 1303 552 1346 sese
568 1287 665 1347 intulit
679 1288 764 1356 altis;

120 1379 224 1433 entem
240 1371 382 1445 gemitum
397 1370 494 1430 tunsis
510 1370 549 1429 ad
565 1371 668 1430 sidera
681 1372 789 1430 tollunt

122 1454 255 1528 oloribus,
270 1461 451 1527 maestoque
466 1454 602 1527 immugit
615 1454 700 1527 regia
713 1455 805 1513 luctu.

124 1554 151 1611 e,
168 1545 257 1612 caput
270 1537 352 1595 nivei
367 1537 472 1614 lultmn
486 1537 629 1596 Pallantis
645 1545 675 1596 et
689 1553 744 1596 ora

124 1621 207 1695 vidit,
223 1620 345 1695 levique
359 1628 468 1696 patens
484 1621 514 1679 in
530 1628 656 1695 pectore
672 1621 781 1679 vulnus
993 1626 1028 1679 40

124 1705 215 1780 spidis
229 1705 395 1778 Ausoniae,
411 1704 543 1763 lacrimis
559 1704 600 1763 ita
614 1705 694 1764 satur
709 1703 838 1763 obortis=

125 1792 199 1860 t'ne,“
214 1788 311 1865 inquit
325 1789 517 1862 „miserande
527 1803 616 1863 puer,
632 1804 701 1847 cum
715 1788 794 1847 laeta
806 1785 931 1857 veniret,
1027 1838 1033 1850 ,

126 1873 200 1932 vidit
212 1872 346 1933 Fortuna
359 1873 441 1946 mihi,
457 1888 496 1931 ne
511 1887 605 1945 regna
619 1871 742 1930 videres

126 1965 207 2032 astra,
223 1959 378 2032 nequead
393 1957 486 2016 sedes
501 1957 600 2015 victor
612 1955 759 2014 veherere
773 1959 937 2029 paternas?

127 2059 155 2101 tn
170 2042 247 2102 haec
261 2042 403 2101 Evandro
421 2042 459 2100 de
474 2048 504 2100 te
518 2040 672 2116 promissa
686 2038 803 2113 parenti
993 2043 1027 2099 45

128 2127 259 2185 scedens
275 2126 429 2197 dederam,
444 2140 512 2184 cum
527 2139 575 2183 me
591 2124 770 2198 complexus
786 2126 906 2181 euntem

132 2216 219 2269 tteret
233 2210 263 2268 in
278 2226 419 2284 magnum
433 2208 602 2283 imperium,
617 2214 818 2281 metuensque
832 2210 978 2278 moneret,

130 2309 187 2352 eres
203 2309 275 2353 esse
288 2293 381 2367 viros,
397 2308 466 2351 curn
481 2292 559 2352 dura
573 2291 690 2366 proelia
705 2297 803 2366 gente.

141 2393 220 2436 nunc
235 2377 285 2436 ille
301 2377 423 2453 quidem
438 2392 494 2451 spe
508 2377 634 2436 multum
650 2382 756 2450 captus
771 2373 853 2433 inani
1005 2424 1008 2429 .

135 2477 166 2520 rs
183 2467 212 2520 et
225 2467 297 2521 vota
312 2461 390 2535 lacit,
407 2460 600 2534 cumulatque
615 2460 721 2519 altaria
735 2458 841 2527 donis;
994 2465 1029 2517 50

132 2561 152 2603 *s
167 2544 307 2605 iuvenem
322 2545 492 2604 exanimum
508 2550 538 2605 et
551 2545 592 2603 nil
607 2544 668 2603 iam
683 2541 866 2610 coelestibus
881 2540 950 2600 ullis

133 2629 258 2689 nentem
273 2645 352 2688 vano
366 2629 474 2688 maesti
489 2629 669 2688 comitamur
680 2628 807 2688 honore.

134 2714 207 2785 elix,
223 2712 284 2771 nati
299 2712 389 2771 lunus
404 2712 525 2771 crudele
539 2710 687 2790 videbist

140 2797 237 2858 nostri
251 2796 376 2868 reditus,
392 2797 623 2872 exspectatique
637 2793 793 2870 triumphi!

137 2897 172 2941 ec
186 2896 255 2940 mea
267 2895 379 2954 magna
392 2879 487 2939 fides!
509 2879 551 2939 At
565 2896 634 2952 non,
649 2878 801 2949 Euandre,
817 2874 972 2951 pudendis
994 2880 1028 2935 aa

136 2963 275 3024 tlneribus
290 2964 412 3040 pulsum
427 2963 591 3038 adspicies,
606 2978 664 3022 nee
679 2961 796 3036 sospite
810 2959 910 3018 dirum

138 3048 215 3108 tabis
232 3055 301 3109 nato
318 3050 408 3108 funus
424 3054 519 3123 pater.
554 3047 611 3105 Hei
626 3045 707 3117 milri,
725 3049 870 3118 qnantum

138 3131 277 3191 residium
291 3132 438 3205 Ausonia,
454 3138 484 3190 et
498 3137 643 3205 quantum
656 3134 689 3188 tu
703 3125 818 3202 perdis,
833 3125 934 3185 lulet“

139 3213 220 3273 cubi
235 3213 367 3290 deflevit,
382 3215 447 3276 tolli
461 3214 635 3274 miserabile
649 3226 761 3285 corpus

140 3304 203 3357 erat
217 3305 247 3357 et
259 3306 324 3359 toto
338 3300 434 3360 lectos
450 3312 488 3356 ex
504 3297 624 3372 agmine
637 3295 724 3354 mittit
994 3300 1030 3355 do

140 3396 153 3440 e
167 3381 261 3455 viros,
278 3383 330 3457 qui
344 3397 518 3458 supremum
533 3380 712 3440 comitentur
725 3376 881 3449 honorem,

140 3465 273 3541 rsintque
288 3466 383 3540 patris
398 3464 539 3540 lacrimis,
555 3463 668 3525 solatia
678 3462 783 3523 luctus
