2326 3780
46 220 111 287 aro
322 214 355 274 r.
376 211 539 275 vunnu
554 170 739 317 innotus

2 388 9 403 ·
46 375 129 452 „Nam
142 369 280 431 Drances
293 364 406 443 potius,
422 364 490 427 sive
502 360 550 425 est
562 362 641 424 haec
654 364 703 425 ira
716 365 873 441 deorum,

4 458 7 462 '
47 457 164 536 „Morte
178 454 250 528 luat,
265 450 333 511 sive
346 458 395 511 est
406 448 504 511 virtum
519 455 550 509 et
562 448 669 525 gioria,
684 451 812 511 tollat.“

89 540 136 599 iili
149 537 227 597 haec
240 536 320 597 inter
332 548 368 595 se
381 532 483 595 dubiis
497 531 644 593 derebus
659 534 799 610 agebant
888 610 894 621 ι
983 542 1032 597 ott

47 625 222 691 certantesa
244 624 346 681 castre
358 618 482 679 Aeneas
496 618 657 692 aciemque
670 619 835 681 movebat.

46 707 177 769 Nuntius
190 703 305 782 ingenti
318 718 376 779 per
388 702 474 777 regia
487 707 567 762 tecta
580 703 709 763 tumultu

45 792 128 854 Ecce
141 790 209 863 mit,
224 788 406 864 magnisque
419 785 527 849 urbem
540 786 707 846 terroribus
722 787 852 863 impiet=

45 876 215 936 Instructos
230 872 296 933 acie
310 871 449 930 Tiberino
465 886 484 929 a
498 869 623 931 flumine
636 871 773 932 Teucros

46 958 296 1036 Tyrrhenamque
309 971 432 1016 manum
445 955 517 1015 totis
533 955 723 1015 descendere
737 956 880 1034 campis.
980 964 1031 1019 too

46 1042 208 1118 Extemplo
222 1040 331 1105 turbati
346 1038 437 1097 animi
453 1054 667 1117 concussaque
680 1040 765 1115 vulgi

46 1126 184 1200 Pectora,
200 1131 231 1185 et
244 1128 381 1183 arrectae
396 1123 525 1207 stimulis
540 1123 623 1183 haud
636 1123 781 1185 mollibus
796 1127 880 1186 irae.

46 1212 142 1273 Arma
155 1224 247 1269 manu
260 1206 372 1282 trepidi
384 1214 534 1282 poscunt;
557 1208 656 1268 tremit
669 1225 754 1268 arma
767 1209 945 1285 iuuentus3

46 1294 134 1355 Fient
147 1291 255 1351 maesti
268 1297 470 1368 mussantque
484 1299 599 1368 patres.
634 1292 690 1352 Hic
705 1292 847 1369 undique
865 1296 993 1356 clamor

46 1376 299 1439 Dissensuverio
314 1390 443 1451 magnus
458 1390 495 1437 se
507 1376 586 1437 tellit
599 1377 640 1437 ad
654 1392 761 1439 aurus=
974 1389 1028 1443 455

47 1460 138 1523 Haud
153 1475 245 1522 secus
260 1466 352 1536 atque
366 1459 428 1521 atto
442 1460 475 1521 iu
486 1460 557 1521 luco
573 1477 666 1537 quum
682 1462 759 1521 forte
770 1469 932 1524 catervae

49 1545 224 1607 consedere
238 1547 348 1618 avium,
363 1544 532 1620 piscosove
545 1560 635 1605 anrne
648 1545 789 1606 Padusae

47 1629 128 1691 Dent
141 1629 275 1691 sonitum
288 1629 373 1690 rauci
386 1645 443 1705 per
458 1636 567 1704 stagna
579 1630 723 1705 loquacia
737 1632 839 1706 cycni.

47 1714 196 1791 „1mmo,“
211 1714 254 1793 ait
266 1729 307 1789 „o
323 1713 439 1788 cives,“
454 1719 575 1790 arrepto
590 1720 728 1790 tempore
742 1714 867 1777 'liunus

48 1799 174 1877 „Cogite
189 1798 358 1874 concilium,
375 1803 405 1857 et
418 1813 527 1874 pacem
540 1798 663 1859 laudate
678 1798 841 1871 sedentes;
970 1808 1026 1865 460

47 1884 115 1959 „Illi
130 1884 223 1943 armis
237 1883 268 1943 in
282 1898 379 1957 regna
392 1886 510 1941 ruant.“
544 1882 607 1942 Nec
620 1884 710 1959 plura
722 1883 845 1945 locutus

50 1967 200 2044 Corripuit
214 1982 285 2028 sese
299 1973 330 2026 et
342 1967 431 2027 tectis
446 1967 523 2026 citus
538 1968 643 2027 extulit
657 1967 735 2027 altis.

48 2052 121 2127 ‚‚Tu,
136 2053 264 2126 Voluse,
280 2050 390 2111 erman
401 2051 587 2111 Volscorum
601 2051 689 2111 edice
702 2051 857 2128 maniplis,

48 2136 156 2211 „Duc“
170 2136 211 2196 ait
224 2140 275 2212 „et
286 2135 432 2216 Rutulos!
455 2134 605 2212 Equitem,
620 2135 793 2210 Messapus,
811 2137 844 2197 in
858 2138 970 2215 armis,

48 2219 106 2297 „Et
120 2236 188 2280 cum
201 2213 293 2279 indue
308 2218 412 2293 coras,
428 2218 497 2279 latis
513 2219 674 2281 diffundite
688 2220 822 2298 campis!
967 2234 1023 2290 465
1138 2281 1142 2295 ,

48 2303 142 2379 „Pars
158 2304 258 2365 editus
272 2302 358 2364 urbis
373 2303 480 2375 firmet,
496 2308 658 2380 turresque
674 2311 835 2380 capesset;

47 2387 185 2463 „Cetera
202 2403 264 2465 qua
276 2387 373 2462 iusso,
389 2403 509 2447 mecum
523 2402 633 2450 manus
647 2388 756 2449 inferat
770 2395 899 2451 armat“

47 2471 132 2532 Ilicet
144 2471 175 2530 in
189 2472 294 2532 muros
309 2478 373 2532 tota
387 2471 566 2533 discurritur
579 2472 665 2534 urbe.

48 2554 215 2621 concilium
229 2555 400 2631 ipsepater
414 2562 444 2616 et
458 2571 568 2631 magna
577 2555 703 2633 inceptu
716 2557 843 2620 Latinus

47 2638 176 2715 Deserit,
191 2654 227 2699 ac
240 2640 318 2700 tristi
331 2640 471 2701 turbatus
484 2647 622 2717 tempore
637 2641 746 2719 differt,
963 2656 1020 2711 470

46 2722 202 2800 Multaque
216 2738 251 2783 se
265 2724 394 2799 incusat,
411 2724 462 2800 qui
477 2740 540 2785 non
554 2726 709 2801 acceperit
722 2727 800 2786 ultro

28 2805 233 2886 *Dardanium
246 2809 373 2867 Aenean
388 2823 596 2885 generumque
611 2810 777 2871 adsciverit
789 2809 868 2871 urbi.
1143 2764 1156 2889 ἱ

45 2888 243 2953 Praefodiunt
256 2892 434 2969 alumnas,
451 2898 503 2954 aut
517 2909 594 2954 saxa
607 2895 766 2970 sudesque
1151 2910 1155 2921 ·

47 2973 242 3037 Subvectant.
276 2976 362 3037 Bello
378 2978 430 3037 dat
443 2979 565 3053 signum
578 2994 673 3039 rauca
688 2984 844 3039 cruentum

44 3056 190 3121 Buccine.
223 3060 300 3123 Turn
313 3078 417 3123 muros
432 3062 518 3122 varia
532 3063 656 3123 cinxere
671 3079 787 3124 corona
959 3070 1014 3129 sta
1147 2928 1157 3125 ι

44 3140 203 3206 Matronae
216 3146 381 3224 puerique=
403 3152 495 3208 vocet
508 3146 596 3209 labor
608 3148 730 3209 ultimus
746 3160 865 3208 ornnes.
1152 3132 1156 3159 '

43 3224 183 3289 Necnon
198 3230 238 3309 ad
251 3231 396 3308 templum
411 3246 610 3313 summasque
624 3232 665 3293 ad
677 3231 811 3293 Palladis
825 3246 917 3293 arcos

44 3306 229 3372 Subvehitur
241 3330 351 3391 magna
364 3320 493 3375 matrum
505 3316 611 3391 regina
625 3322 757 3392 caterva,

42 3389 134 3453 Dona
146 3394 257 3470 terens,
273 3398 418 3474 iuxtaque
433 3414 538 3460 comes
551 3399 678 3461 Lavinia
692 3400 790 3476 virgo,

39 3472 457 3563 dominationumque
471 3483 749 3543 detentudecoros.
952 3492 1007 3547 tm
