2340 4296
110 598 174 663 ³02
384 596 417 656 P.
435 595 597 657 vlltotlll
616 594 792 659 nutaorlls

148 751 186 811 Et
199 749 259 809 iam
272 749 364 810 Fama
377 751 496 825 volans,
510 750 584 809 tanti
599 749 779 825 praenuntia
791 751 908 827 luctus,

99 834 282 895 Evandrum
294 834 490 910 Evandrique
506 834 616 897 domos
631 840 661 893 et
673 834 796 894 moenia
809 838 923 912 replet,
1031 850 1081 905 lto

108 919 191 993 Quae
204 919 298 978 ruodo
313 919 460 978 victorem
473 918 559 977 Latio
574 917 710 977 Pallanta
723 916 851 979 ferebat

107 1004 246 1063 Arcades
261 1003 301 1063 ad
314 1010 421 1078 portas
435 1016 533 1076 ruere,
548 1009 578 1061 et
592 1002 632 1061 de
646 1016 732 1061 more
744 1010 869 1063 vetusto

105 1085 261 1147 Funereas
274 1100 404 1162 rapuere
418 1086 518 1146 iaces=
540 1086 620 1146 lucet
634 1086 684 1145 via
697 1086 790 1161 longo

108 1170 220 1232 Ordine
234 1170 433 1244 flammarum,
448 1176 478 1229 ct
491 1170 552 1229 late
566 1169 753 1230 discriminat
766 1186 873 1245 agros.

107 1255 218 1316 contro
231 1254 319 1316 turba
332 1254 486 1330 Phrygum
501 1256 627 1315 veniens
642 1254 818 1329 plangentia
831 1255 936 1331 iungit
1031 1271 1079 1325 lto

105 1340 246 1415 Agmina.
282 1339 365 1414 Quae
379 1345 542 1414 postquam
557 1345 670 1399 matres
685 1338 854 1399 succedere
869 1344 966 1403 tectis

105 1423 264 1497 Viderunt,
280 1431 427 1482 maestam
441 1422 606 1482 incendunt
620 1421 803 1491 clamoribus
818 1422 942 1486 urbem.

106 1510 221 1568 Arnon
235 1507 410 1566 Evandrum
423 1506 506 1581 potis
521 1513 569 1567 est
582 1506 630 1566 vis
645 1506 707 1566 ulla
721 1513 840 1578 tenere3

104 1590 170 1655 Sed
183 1591 266 1650 venit
280 1590 311 1649 in
325 1590 454 1650 medios.
488 1589 611 1661 Feretro
624 1589 760 1650 Pallanta
770 1599 904 1666 'reposto
1030 1604 1078 1660 raa

105 1674 269 1735 Procubuit
287 1689 381 1749 super
398 1680 490 1750 atque
503 1674 609 1735 haeret
624 1675 848 1750 lacrimansque
866 1692 1076 1757 gemensque,

105 1758 142 1818 Et
157 1759 206 1818 vio
221 1758 273 1817 vix
287 1758 409 1819 tandem
424 1758 511 1819 vocis
527 1760 628 1820 laxata
642 1760 749 1819 dolore
763 1766 825 1820 est=
1030 1776 1075 1828 ltl

106 1842 191 1918 „Non
206 1842 292 1918 haec,
309 1859 327 1903 o
342 1842 433 1919 Palla,
449 1844 581 1904 dederas
595 1844 749 1920 promissa
762 1844 902 1919 parenti;

106 1925 248 2002 „Cautius
263 1933 296 1988 ιιι
310 1942 406 1989 saevo
422 1929 518 1988 velles
532 1934 562 1988 te
577 1929 703 1987 credere
717 1927 814 1987 Marti.

106 2011 215 2087 „Haud
229 2013 353 2088 ignarus
368 2027 460 2087 eram,
476 2018 621 2087 quantum
636 2027 718 2071 nova
731 2012 829 2086 gloria
842 2011 874 2071 in
891 2017 995 2078 aruris

106 2095 161 2171 „Et
174 2097 340 2172 praedulce
355 2096 450 2156 decus
465 2096 563 2172 primo
579 2096 741 2156 certamine
754 2102 872 2172 posset.
1029 2111 1076 2167 155

106 2179 274 2255 „Primitiae
289 2180 408 2241 iuvenis
423 2180 562 2251 miserae7
578 2179 712 2254 bellique
726 2179 894 2256 propinqui
995 2210 999 2215 -

106 2264 207 2339 „litua
219 2264 399 2339 rudimento,
415 2272 445 2325 et
458 2265 532 2325 nulli
547 2265 693 2325 exaudita
707 2265 835 2324 deorum
939 2340 942 2345 p

106 2349 206 2423 „Vota
220 2363 391 2424 precesque
405 2364 501 2423 meae,
516 2356 618 2423 tuque,
635 2364 653 2408 o
670 2349 864 2409 sanctissima
879 2352 1014 2428 coniux,

106 2431 209 2507 „Felix
223 2440 319 2493 morto
332 2439 393 2508 tua,
409 2448 509 2508 neque
524 2433 554 2491 in
568 2432 648 2492 hunc
663 2440 785 2493 servata
799 2433 961 2495 dolorem!

105 2516 236 2591 „Contm
250 2532 308 2592 ego
321 2517 456 2576 vivendo
471 2518 532 2576 vici
545 2532 614 2576 mea
628 2517 698 2592 latr,
714 2523 873 2592 superstes
1027 2532 1076 2588 ren

105 2600 281 2675 „Restarem
297 2607 329 2661 ut
342 2601 470 2676 genitor.
504 2600 614 2660 Troum
629 2603 716 2661 socia
729 2617 813 2661 arma
828 2611 976 2666 secutum

104 2683 291 2759 „obruerent
305 2685 405 2747 Rutuli
419 2685 504 2757 telis3
526 2686 657 2745 animam
672 2685 740 2761 ipse
755 2684 926 2761 dedissem,

105 2771 224 2844 „Atque
239 2769 316 2829 haec
330 2785 444 2846 pompa
458 2770 582 2830 domurn
596 2784 653 2841 me,
671 2785 731 2829 non
743 2768 887 2845 Pallanta„
902 2774 1055 2837 teleneu

105 2852 185 2926 „Nec
201 2868 257 2913 vos
273 2854 431 2928 arguerim,
447 2852 562 2928 Teucri,
578 2868 634 2912 nec
649 2854 784 2925 loedere„
799 2867 857 2912 nec
873 2870 959 2929 quas

104 2936 279 3009 „lunximus
295 2937 429 3014 hospilio
444 2938 584 2998 dexans:
606 2953 676 2999 sors
691 2938 749 2998 ista
764 2944 910 2998 senectae
1028 2953 1077 3009 1⁶5

104 3019 232 3093 „Debita
247 3028 311 3082 erat
325 3028 459 3082 nostrae.
495 3021 582 3095 Quod
597 3021 624 3081 si
638 3023 796 3082 immatura
809 3022 963 3089 manebat

104 3102 206 3178 „Mors
221 3113 360 3179 gnatum
383 3106 483 3165 caesis
497 3105 682 3165 Volscorum
696 3104 828 3166 millibus
842 3112 929 3183 ante,

85 3246 91 3253 .
103 3187 289 3262 „Ducentem
303 3189 333 3248 in
347 3188 464 3248 Latium
478 3188 621 3261 Teucros,
638 3191 789 3250 cecidisse
803 3189 937 3253 iuvaret.

103 3271 199 3347 „Quin
215 3288 272 3348 ego
287 3287 348 3332 non
363 3273 424 3333 alio
439 3273 546 3348 digner
560 3280 590 3335 te
605 3274 719 3347 iuuere,
733 3273 824 3346 Palla,
1059 3316 1065 3329 .

103 3356 218 3431 „Quam
228 3357 298 3432 plue
305 3359 438 3431 Aeneas,
454 3365 582 3432 etquam
589 3358 844 3434 magniPhryges,
859 3364 1007 3437 etquam
1030 3378 1082 3437 ιω

102 3440 330 3517 „Tyrrhenique
344 3442 451 3516 duces,
466 3440 656 3518 Tyrrhenum
670 3442 822 3503 exercitus
837 3445 959 3507 omnis.

101 3524 232 3601 ,Magna
245 3532 373 3603 tropaea
386 3527 493 3601 ierunt,
510 3542 589 3600 quos
604 3526 657 3587 dat
669 3534 721 3587 tua
735 3526 862 3586 dextera
875 3528 958 3593 leto.

102 3608 164 3683 „Tu
179 3626 304 3685 quoque
319 3626 400 3671 nunc
414 3618 511 3671 stares
526 3611 665 3670 immanis
679 3618 803 3671 truncus
818 3609 849 3669 in
864 3616 981 3697 armis,

101 3692 213 3769 „Esset
225 3711 283 3770 par
297 3702 381 3756 aetas
396 3703 426 3755 et
440 3696 520 3756 idem
535 3695 563 3755 si
577 3693 670 3755 robur
683 3695 721 3755 ab
736 3694 833 3765 annis,

101 3775 228 3851 „Turne
264 3776 327 3839 Sed
342 3779 447 3840 infelix
460 3779 594 3840 Teucros
610 3780 684 3856 quid
699 3780 843 3839 demoror
856 3784 987 3849 arurist
1030 3802 1083 3861 lit

99 3860 231 3937 „Vadite
246 3868 276 3922 et
289 3862 366 3923 haec
380 3878 532 3924 memores
545 3864 611 3939 rogi
625 3865 768 3925 mandata
781 3863 927 3925 relertee*
1117 3930 1121 3955 ¹

1114 3964 1121 3999 l
