2326 3780
340 208 563 271 osonulcon
582 211 656 272 LlB.
677 214 729 272 lv.
969 216 1011 281 ’15

58 360 245 437 Vesper-ubi
260 377 277 422 e
290 369 382 438 pastu
394 363 518 422 tandem
531 364 682 424 decedere
697 368 814 442 campis

56 446 234 519 Admonuit,
248 453 312 507 tum
324 452 405 507 tecte
417 453 530 523 petunt,
547 455 610 507 tum
624 465 754 525 corpora
769 458 892 522 curant;

57 529 105 591 Fit
118 530 247 604 sonitus,
262 536 460 604 mussantque
475 547 545 591 ores
560 539 591 590 et
603 532 705 592 limina
720 535 847 606 circum3

56 614 139 689 Post,
154 614 208 675 ubi
220 615 289 675 iam,
296 615 436 675 thalamis
451 630 486 674 se
500 630 711 691 composuere,
728 618 833 678 siletur

57 698 92 759 ln
105 704 238 771 noctem,
253 700 418 773 fessosque
432 714 528 774 sopor
542 716 616 761 suus
632 708 762 776 occupet
775 708 867 762 artus.
959 713 1011 768 190

56 782 121 845 liet
132 798 210 845 vero
225 799 246 843 a
259 782 386 849 stabiclis
401 783 505 858 pluvia
518 783 712 858 impendente
725 787 872 846 recedunt

57 866 203 943 lampius,
218 872 272 927 aut
281 867 408 927 credunt
422 867 510 927 coelo
525 867 758 929 adventantibus
772 870 878 939 Euris3

58 950 122 1013 Sed
136 952 253 1011 circum
265 957 347 1011 tutae
361 949 418 1010 sub
432 951 592 1012 moenibus
606 952 689 1012 urbis
705 960 861 1027 aquantur,

55 1034 277 1110 Excursusque
290 1034 402 1094 breves
416 1041 539 1107 tentant
555 1041 586 1095 et
598 1051 694 1113 saepe
707 1037 838 1112 lapillos,

55 1118 97 1181 Ut
110 1117 242 1195 cymbae
255 1118 413 1178 instabiles
427 1117 522 1179 fluctu
535 1119 665 1179 iactante
679 1121 845 1196 saburram,
879 1166 882 1172 .
959 1130 1009 1185 llio

53 1202 186 1276 Tollunt,
200 1201 249 1261 his
264 1217 336 1262 sese
350 1217 407 1277 per
420 1202 522 1261 inania
535 1202 638 1264 nubila
652 1203 769 1265 librant.

56 1287 145 1349 illum
159 1286 237 1345 adeo
252 1286 407 1361 placuisse
420 1285 530 1360 apibus
543 1286 692 1347 mirabere
706 1304 830 1363 morem,

58 1370 148 1443 Quod
161 1384 262 1445 neque
276 1369 438 1429 concubitu
452 1370 618 1445 indulgent,
632 1386 689 1431 nec
703 1387 835 1447 corpora
848 1389 960 1448 segnes
974 1372 986 1397 '

59 1453 96 1510 ln
108 1453 260 1513 Venerem
272 1454 404 1528 solvunt,
427 1460 478 1513 aut
493 1455 570 1514 letus
585 1455 706 1514 nixibus
722 1456 828 1528 edunt3

60 1535 178 1594 Verum
190 1534 276 1610 ipsae
289 1554 308 1597 c
322 1538 404 1598 loliis
418 1545 507 1597 natos
523 1545 553 1597 et
566 1538 711 1598 suavibus
725 1538 828 1600 herbis
957 1549 1009 1602 too

61 1617 122 1678 Ore
135 1618 245 1693 legunt,
258 1620 345 1697 ipsae
358 1637 462 1696 regem
475 1637 653 1696 parvosque
667 1622 796 1694 Quirites

58 1700 229 1777 Sufficiunt,
243 1707 392 1779 aulasque
406 1712 436 1764 et
451 1721 540 1764 cerea
553 1721 648 1780 regna
661 1705 821 1779 refingunt.

57 1786 161 1865 Saepe
175 1787 265 1849 etiam
278 1790 363 1851 druis
378 1790 507 1849 errando
522 1790 553 1849 in
569 1788 687 1849 cotibus
701 1790 767 1848 alas
831 1810 834 1815 ·

56 1870 217 1945 Attrivere,
230 1872 375 1947 ultroque
388 1874 519 1933 animam
533 1873 589 1934 snb
605 1874 690 1934 fasce
705 1873 833 1933 dedere:

54 1956 169 2017 Tantus
183 1971 272 2017 amor
283 1954 403 2030 domm,
420 1965 449 2018 ct
462 1958 628 2032 generandi
642 1958 739 2033 gloria
753 1957 861 2017 mellis.
957 1966 1009 2018 toa

55 2040 138 2115 Ergo
153 2040 241 2115 ipsas
256 2041 397 2115 quamvis
411 2043 531 2116 angusti
544 2043 689 2102 terminus
704 2042 773 2101 aevi

55 2124 326 2199 Excipieanequo
339 2126 420 2185 enim
433 2127 502 2201 plns
517 2127 647 2202 septima
661 2127 781 2187 ducitur
795 2133 933 2199 aestas,

55 2210 97 2268 At
110 2223 209 2283 genus
224 2209 391 2269 immortale
405 2218 514 2281 manet,
530 2213 703 2286 multosque
718 2227 773 2286 per
785 2227 884 2270 annos

56 2291 123 2352 Stat
137 2291 258 2351 lortuna
274 2292 393 2366 domus,
411 2301 442 2353 et
456 2294 506 2353 evi
520 2302 714 2354 numerantur
727 2308 861 2354 anonim.

55 2374 218 2435 Praeterea
230 2391 333 2451 regem
347 2394 411 2437 non
424 2377 470 2437 sic
482 2379 644 2454 Aegyptos
660 2384 690 2438 et
702 2379 810 2452 ingens
957 2386 1010 2440 210

55 2459 164 2534 Lydia
180 2474 237 2518 nec
251 2461 358 2535 populi
371 2460 550 2521 Parthorum
564 2460 733 2522 autltledus
749 2460 916 2538 Hydaspes

57 2542 239 2605 Observant
267 2544 352 2618 Rege
367 2544 509 2606 ancolmni
523 2562 610 2605 mens
624 2544 765 2605 omnibus
778 2561 840 2606 una
854 2553 918 2615 est;

55 2627 182 2687 Amisso
195 2642 306 2702 rupere
319 2627 421 2698 tidem,
437 2636 671 2703 constructaque
684 2629 776 2688 mella

57 2710 218 2786 Diripuere
232 2711 320 2787 ipsae
334 2719 364 2772 et
377 2719 476 2773 cretes
491 2714 613 2773 solvere
626 2714 773 2773 favorum.

56 2794 110 2854 llle
125 2810 253 2870 operum
266 2803 388 2866 custos;
410 2797 493 2857 illam
507 2797 693 2857 admirantur
706 2804 736 2856 et
750 2809 856 2855 omnes
956 2800 1009 2855 215

57 2878 258 2939 Circumstant
271 2880 390 2942 lremltu
403 2881 511 2955 denso,
526 2881 699 2957 stipantque
713 2881 897 2954 trequentes,

55 2962 204 3038 Et-saepc
219 2964 354 3025 attollunt
369 2964 513 3037 humeris,
528 2972 559 3025 et
574 2980 705 3040 corpora
715 2964 799 3023 bello

58 3044 216 3106 Obiectant
230 3047 452 3122 pulchramque
463 3054 568 3125 petunt
578 3060 635 3125 per
649 3048 775 3109 vulnera
786 3050 925 3105 mortem.
1004 3058 1007 3063 ·

101 3129 156 3190 His
173 3130 297 3205 quidam
310 3130 416 3207 sigilis,
432 3138 526 3207 atque
538 3132 616 3193 hacc
630 3132 773 3208 exempla
785 3127 891 3204 secuti,
975 3164 978 3169 ·

55 3214 136 3274 Esse
151 3214 263 3290 apibus
276 3222 394 3291 partem
407 3214 531 3277 divinae
543 3216 653 3277 mentis
666 3222 698 3277 et
710 3214 838 3277 haustus
956 3218 1012 3277 tto
1063 3272 1066 3277 .
1082 3282 1085 3287 ,

56 3299 222 3359 Aetherios
238 3298 360 3361 dhaes
381 3298 472 3363 deum
484 3314 619 3377 namque
631 3300 676 3361 lrc
689 3314 746 3377 per
760 3311 867 3359 onmes
971 3350 991 3359 ..
1041 3314 1044 3319 ·

55 3382 229 3457 'latrasque
240 3382 524 3459 uacunquemaris
539 3384 721 3461 coelumque
733 3380 936 3459 protundum

56 3464 136 3527 Hinc
148 3464 296 3545 pecata,
310 3460 675 3555 ammittas-sonus
688 3480 779 3551 omne
792 3466 934 3541 terarum,
949 3522 961 3547 Ι,
1002 3522 1007 3531 ,
