<?xml version="1.0" encoding="UTF-8"?>
<!DOCTYPE html PUBLIC "-//W3C//DTD XHTML 1.0 Transitional//EN"
    "http://www.w3.org/TR/xhtml1/DTD/xhtml1-transitional.dtd">
<html xmlns="http://www.w3.org/1999/xhtml" xml:lang="en" lang="en">
 <head>
  <title>
</title>
<meta http-equiv="Content-Type" content="text/html;charset=utf-8" />
  <meta name='ocr-system' content='tesseract 3.04.00' />
  <meta name='ocr-capabilities' content='ocr_page ocr_carea ocr_par ocr_line ocrx_word'/>
</head>
<body>
  <div class='ocr_page' id='page_1' title='image "./pvirgiliimaroni11virggoog/pvirgiliimaroni11virggoog_0805.png"; bbox 0 0 2326 3780; ppageno 0'>
   <div class='ocr_carea' id='block_1_1' title="bbox 165 176 875 265">
    <p class='ocr_par' dir='ltr' id='par_1_1' title="bbox 165 176 875 265">
     <span class='ocr_line' id='line_1_1' title="bbox 165 176 875 265; baseline 0.011 -31"><span class='ocrx_word' id='word_1_1' title='bbox 165 182 231 247; x_wconf 70' lang='lat'>3⁶0</span> <span class='ocrx_word' id='word_1_2' title='bbox 438 177 472 237; x_wconf 82' lang='lat' dir='ltr'>r.</span> <span class='ocrx_word' id='word_1_3' title='bbox 491 176 658 265; x_wconf 78' lang='lat' dir='ltr'>vinoun</span> <span class='ocrx_word' id='word_1_4' title='bbox 678 177 875 243; x_wconf 79' lang='lat' dir='ltr'>unaonrs</span> 
     </span>
    </p>
   </div>
   <div class='ocr_carea' id='block_1_2' title="bbox 92 328 1116 2764">
    <p class='ocr_par' dir='ltr' id='par_1_2' title="bbox 165 328 1080 580">
     <span class='ocr_line' id='line_1_2' title="bbox 165 328 981 414; baseline 0 -18"><span class='ocrx_word' id='word_1_5' title='bbox 165 335 275 414; x_wconf 82' lang='lat' dir='ltr'>„Quod</span> <span class='ocrx_word' id='word_1_6' title='bbox 289 347 347 410; x_wconf 91' lang='lat' dir='ltr'>per</span> <span class='ocrx_word' id='word_1_7' title='bbox 359 337 389 393; x_wconf 90' lang='lat' dir='ltr'>te</span> <span class='ocrx_word' id='word_1_8' title='bbox 405 328 512 391; x_wconf 84' lang='lat' dir='ltr'>divdm</span> <span class='ocrx_word' id='word_1_9' title='bbox 526 330 653 391; x_wconf 87' lang='lat' dir='ltr'>crebros</span> <span class='ocrx_word' id='word_1_10' title='bbox 666 336 825 394; x_wconf 77' lang='lat' dir='ltr'><strong>testamur</strong></span> <span class='ocrx_word' id='word_1_11' title='bbox 839 350 981 408; x_wconf 89' lang='lat' dir='ltr'>amores,</span> 
     </span>
     <span class='ocr_line' id='line_1_3' title="bbox 166 415 1080 496; baseline 0 -17"><span class='ocrx_word' id='word_1_12' title='bbox 166 420 305 496; x_wconf 83' lang='lat' dir='ltr'>„Perque</span> <span class='ocrx_word' id='word_1_13' title='bbox 319 423 404 478; x_wconf 89' lang='lat' dir='ltr'>tuum</span> <span class='ocrx_word' id='word_1_14' title='bbox 417 415 542 475; x_wconf 89' lang='lat' dir='ltr'>memori</span> <span class='ocrx_word' id='word_1_15' title='bbox 556 422 698 475; x_wconf 84' lang='lat' dir='ltr'>sanctum</span> <span class='ocrx_word' id='word_1_16' title='bbox 712 415 791 476; x_wconf 92' lang='lat' dir='ltr'>mihi</span> <span class='ocrx_word' id='word_1_17' title='bbox 806 427 928 493; x_wconf 88' lang='lat' dir='ltr'>pectus</span> <span class='ocrx_word' id='word_1_18' title='bbox 943 421 1080 493; x_wconf 82' lang='lat' dir='ltr'><strong>alumnae,</strong></span> 
     </span>
     <span class='ocr_line' id='line_1_4' title="bbox 167 500 934 580; baseline -0.001 -16"><span class='ocrx_word' id='word_1_19' title='bbox 167 504 226 580; x_wconf 89' lang='lat' dir='ltr'>„Ut</span> <span class='ocrx_word' id='word_1_20' title='bbox 240 517 299 578; x_wconf 90' lang='lat' dir='ltr'>me,</span> <span class='ocrx_word' id='word_1_21' title='bbox 314 500 341 561; x_wconf 91' lang='lat' dir='ltr'>si</span> <span class='ocrx_word' id='word_1_22' title='bbox 357 506 485 559; x_wconf 84' lang='lat' dir='ltr'>servare</span> <span class='ocrx_word' id='word_1_23' title='bbox 495 504 595 575; x_wconf 79' lang='lat' dir='ltr'>poteo,</span> <span class='ocrx_word' id='word_1_24' title='bbox 610 515 651 558; x_wconf 90' lang='lat' dir='ltr'>ne</span> <span class='ocrx_word' id='word_1_25' title='bbox 665 500 803 574; x_wconf 83' lang='lat' dir='ltr'>perdere</span> <span class='ocrx_word' id='word_1_26' title='bbox 818 504 934 576; x_wconf 83' lang='lat' dir='ltr'>malis;</span> 
     </span>
    </p>

    <p class='ocr_par' dir='ltr' id='par_1_3' title="bbox 167 583 1113 915">
     <span class='ocr_line' id='line_1_5' title="bbox 167 583 1113 663; baseline 0.002 -16"><span class='ocrx_word' id='word_1_27' title='bbox 167 586 241 663; x_wconf 89' lang='lat' dir='ltr'>„Sin</span> <span class='ocrx_word' id='word_1_28' title='bbox 257 592 357 646; x_wconf 88' lang='lat' dir='ltr'>autem</span> <span class='ocrx_word' id='word_1_29' title='bbox 372 590 494 659; x_wconf 90' lang='lat' dir='ltr'>optatae</span> <span class='ocrx_word' id='word_1_30' title='bbox 509 598 583 658; x_wconf 88' lang='lat' dir='ltr'>spes</span> <span class='ocrx_word' id='word_1_31' title='bbox 598 589 646 643; x_wconf 90' lang='lat' dir='ltr'>est</span> <span class='ocrx_word' id='word_1_32' title='bbox 659 583 761 645; x_wconf 92' lang='lat' dir='ltr'>incisa</span> <span class='ocrx_word' id='word_1_33' title='bbox 776 587 905 662; x_wconf 87' lang='lat' dir='ltr'>salutis,</span> <span class='ocrx_word' id='word_1_34' title='bbox 1004 622 1010 631; x_wconf 88' lang='lat'><strong>·</strong></span> <span class='ocrx_word' id='word_1_35' title='bbox 1084 598 1113 651; x_wconf 70' lang='lat'>215</span> 
     </span>
     <span class='ocr_line' id='line_1_6' title="bbox 167 666 1063 748; baseline 0.001 -18"><span class='ocrx_word' id='word_1_36' title='bbox 167 671 230 748; x_wconf 88' lang='lat' dir='ltr'>„Ne</span> <span class='ocrx_word' id='word_1_37' title='bbox 243 669 326 741; x_wconf 89' lang='lat' dir='ltr'>mihi,</span> <span class='ocrx_word' id='word_1_38' title='bbox 343 683 436 744; x_wconf 90' lang='lat' dir='ltr'>quam</span> <span class='ocrx_word' id='word_1_39' title='bbox 449 667 554 740; x_wconf 91' lang='lat' dir='ltr'>merui,</span> <span class='ocrx_word' id='word_1_40' title='bbox 570 666 721 740; x_wconf 88' lang='lat' dir='ltr'>invideas,</span> <span class='ocrx_word' id='word_1_41' title='bbox 738 670 911 745; x_wconf 89' lang='lat' dir='ltr'>nutricula,</span> <span class='ocrx_word' id='word_1_42' title='bbox 927 681 1063 733; x_wconf 86' lang='lat' dir='ltr'>mortem.</span> 
     </span>
     <span class='ocr_line' id='line_1_7' title="bbox 167 750 1043 833; baseline 0.003 -19"><span class='ocrx_word' id='word_1_43' title='bbox 167 755 262 831; x_wconf 86' lang='lat' dir='ltr'>„Nam</span> <span class='ocrx_word' id='word_1_44' title='bbox 276 752 336 813; x_wconf 90' lang='lat' dir='ltr'>nisi</span> <span class='ocrx_word' id='word_1_45' title='bbox 349 759 380 812; x_wconf 89' lang='lat' dir='ltr'>te</span> <span class='ocrx_word' id='word_1_46' title='bbox 393 750 484 812; x_wconf 91' lang='lat' dir='ltr'>nobis</span> <span class='ocrx_word' id='word_1_47' title='bbox 496 750 606 824; x_wconf 86' lang='lat' dir='ltr'>maius,</span> <span class='ocrx_word' id='word_1_48' title='bbox 622 768 641 812; x_wconf 97' lang='grc' dir='ltr'>ο</span> <span class='ocrx_word' id='word_1_49' title='bbox 656 752 769 825; x_wconf 76' lang='lat' dir='ltr'>maluS,</span> <span class='ocrx_word' id='word_1_50' title='bbox 786 756 912 830; x_wconf 90' lang='lat' dir='ltr'>optima</span> <span class='ocrx_word' id='word_1_51' title='bbox 927 756 1043 833; x_wconf 88' lang='lat' dir='ltr'>Carme,</span> 
     </span>
     <span class='ocr_line' id='line_1_8' title="bbox 167 837 1016 915; baseline 0.007 -18"><span class='ocrx_word' id='word_1_52' title='bbox 167 840 266 915; x_wconf 84' lang='lat' dir='ltr'>„Ante</span> <span class='ocrx_word' id='word_1_53' title='bbox 280 837 361 896; x_wconf 91' lang='lat' dir='ltr'>hunc</span> <span class='ocrx_word' id='word_1_54' title='bbox 376 841 576 912; x_wconf 86' lang='lat' dir='ltr'>conspectum</span> <span class='ocrx_word' id='word_1_55' title='bbox 588 850 722 896; x_wconf 83' lang='lat' dir='ltr'><strong>casusve</strong></span> <span class='ocrx_word' id='word_1_56' title='bbox 736 837 865 899; x_wconf 86' lang='lat' dir='ltr'>deusve</span> <span class='ocrx_word' id='word_1_57' title='bbox 880 841 1016 913; x_wconf 83' lang='lat' dir='ltr'>tulisset,</span> 
     </span>
    </p>

    <p class='ocr_par' dir='ltr' id='par_1_4' title="bbox 167 919 1115 1165">
     <span class='ocr_line' id='line_1_9' title="bbox 167 919 1090 998; baseline 0.007 -17"><span class='ocrx_word' id='word_1_58' title='bbox 167 923 249 998; x_wconf 87' lang='lat' dir='ltr'>„Aut</span> <span class='ocrx_word' id='word_1_59' title='bbox 263 922 343 981; x_wconf 83' lang='lat' dir='ltr'>terro</span> <span class='ocrx_word' id='word_1_60' title='bbox 358 920 438 980; x_wconf 87' lang='lat' dir='ltr'>hoc“</span> <span class='ocrx_word' id='word_1_61' title='bbox 451 951 495 963; x_wconf 93' lang='grc'>-</span> <span class='ocrx_word' id='word_1_62' title='bbox 508 919 607 994; x_wconf 90' lang='lat' dir='ltr'>aperit</span> <span class='ocrx_word' id='word_1_63' title='bbox 621 920 734 980; x_wconf 81' lang='lat' dir='ltr'>ferrum</span> <span class='ocrx_word' id='word_1_64' title='bbox 749 922 842 995; x_wconf 91' lang='lat' dir='ltr'>quod</span> <span class='ocrx_word' id='word_1_65' title='bbox 857 932 951 985; x_wconf 88' lang='lat' dir='ltr'>veste</span> <span class='ocrx_word' id='word_1_66' title='bbox 967 927 1090 987; x_wconf 84' lang='lat' dir='ltr'>latebat·</span> 
     </span>
     <span class='ocr_line' id='line_1_10' title="bbox 167 1002 1115 1085; baseline 0.008 -20"><span class='ocrx_word' id='word_1_67' title='bbox 167 1004 374 1082; x_wconf 86' lang='lat' dir='ltr'>„Purpureum</span> <span class='ocrx_word' id='word_1_68' title='bbox 388 1003 484 1080; x_wconf 90' lang='lat' dir='ltr'>patris</span> <span class='ocrx_word' id='word_1_69' title='bbox 500 1002 684 1064; x_wconf 70' lang='lat' dir='ltr'>demissam</span> <span class='ocrx_word' id='word_1_70' title='bbox 699 1005 816 1065; x_wconf 91' lang='lat' dir='ltr'>vertice</span> <span class='ocrx_word' id='word_1_71' title='bbox 834 1008 968 1085; x_wconf 86' lang='lat' dir='ltr'>crinem,</span> <span class='ocrx_word' id='word_1_72' title='bbox 1085 1020 1115 1073; x_wconf 70' lang='lat' dir='ltr'>rei</span> 
     </span>
     <span class='ocr_line' id='line_1_11' title="bbox 167 1087 1006 1165; baseline 0.008 -17"><span class='ocrx_word' id='word_1_73' title='bbox 167 1090 248 1165; x_wconf 83' lang='lat' dir='ltr'>„Aut</span> <span class='ocrx_word' id='word_1_74' title='bbox 261 1088 333 1147; x_wconf 91' lang='lat' dir='ltr'>mihi</span> <span class='ocrx_word' id='word_1_75' title='bbox 349 1087 503 1163; x_wconf 80' lang='lat' dir='ltr'>praesenti</span> <span class='ocrx_word' id='word_1_76' title='bbox 516 1088 708 1163; x_wconf 86' lang='lat' dir='ltr'>peperissem</span> <span class='ocrx_word' id='word_1_77' title='bbox 721 1089 860 1150; x_wconf 89' lang='lat' dir='ltr'>vulnere</span> <span class='ocrx_word' id='word_1_78' title='bbox 875 1093 1006 1155; x_wconf 88' lang='lat' dir='ltr'>letum.“</span> 
     </span>
    </p>

    <p class='ocr_par' dir='ltr' id='par_1_5' title="bbox 166 1171 929 1245">
     <span class='ocr_line' id='line_1_12' title="bbox 166 1171 929 1245; baseline 0.004 -11"><span class='ocrx_word' id='word_1_79' title='bbox 166 1173 227 1235; x_wconf 90' lang='lat' dir='ltr'>Vix</span> <span class='ocrx_word' id='word_1_80' title='bbox 240 1172 317 1231; x_wconf 88' lang='lat' dir='ltr'>haec</span> <span class='ocrx_word' id='word_1_81' title='bbox 331 1171 478 1245; x_wconf 88' lang='lat' dir='ltr'>ediderat,</span> <span class='ocrx_word' id='word_1_82' title='bbox 494 1186 564 1231; x_wconf 90' lang='lat' dir='ltr'>cum</span> <span class='ocrx_word' id='word_1_83' title='bbox 577 1171 666 1232; x_wconf 89' lang='lat' dir='ltr'>clade</span> <span class='ocrx_word' id='word_1_84' title='bbox 680 1173 829 1233; x_wconf 84' lang='lat' dir='ltr'>exterrita</span> <span class='ocrx_word' id='word_1_85' title='bbox 844 1176 929 1237; x_wconf 89' lang='lat' dir='ltr'>tristi</span> 
     </span>
    </p>

    <p class='ocr_par' dir='ltr' id='par_1_6' title="bbox 165 1254 850 1334">
     <span class='ocr_line' id='line_1_13' title="bbox 165 1254 850 1334; baseline 0.006 -19"><span class='ocrx_word' id='word_1_86' title='bbox 165 1257 310 1316; x_wconf 83' lang='lat' dir='ltr'>Intonsos</span> <span class='ocrx_word' id='word_1_87' title='bbox 322 1255 417 1316; x_wconf 89' lang='lat' dir='ltr'>multo</span> <span class='ocrx_word' id='word_1_88' title='bbox 433 1254 576 1331; x_wconf 86' lang='lat' dir='ltr'>deturpat</span> <span class='ocrx_word' id='word_1_89' title='bbox 589 1256 717 1332; x_wconf 87' lang='lat' dir='ltr'>pulvere</span> <span class='ocrx_word' id='word_1_90' title='bbox 731 1256 850 1334; x_wconf 87' lang='lat' dir='ltr'>crines,</span> 
     </span>
    </p>

    <p class='ocr_par' dir='ltr' id='par_1_7' title="bbox 165 1338 891 1416">
     <span class='ocr_line' id='line_1_14' title="bbox 165 1338 891 1416; baseline 0.003 -18"><span class='ocrx_word' id='word_1_91' title='bbox 165 1338 202 1399; x_wconf 86' lang='lat' dir='ltr'>Et</span> <span class='ocrx_word' id='word_1_92' title='bbox 215 1338 349 1412; x_wconf 80' lang='lat' dir='ltr'>graviter</span> <span class='ocrx_word' id='word_1_93' title='bbox 363 1344 474 1413; x_wconf 90' lang='lat' dir='ltr'>questu</span> <span class='ocrx_word' id='word_1_94' title='bbox 488 1338 595 1399; x_wconf 72' lang='lat' dir='ltr'>Carum</span> <span class='ocrx_word' id='word_1_95' title='bbox 608 1341 780 1416; x_wconf 85' lang='lat' dir='ltr'>complorat</span> <span class='ocrx_word' id='word_1_96' title='bbox 794 1343 891 1402; x_wconf 72' lang='lat' dir='ltr'>anili:</span> 
     </span>
    </p>

    <p class='ocr_par' dir='ltr' id='par_1_8' title="bbox 165 1421 1115 1586">
     <span class='ocr_line' id='line_1_15' title="bbox 165 1421 1115 1504; baseline 0.012 -22"><span class='ocrx_word' id='word_1_97' title='bbox 165 1421 210 1498; x_wconf 91' lang='lat'>„0</span> <span class='ocrx_word' id='word_1_98' title='bbox 224 1421 298 1481; x_wconf 91' lang='lat' dir='ltr'>mihi</span> <span class='ocrx_word' id='word_1_99' title='bbox 312 1438 393 1482; x_wconf 93' lang='lat' dir='ltr'>nunc</span> <span class='ocrx_word' id='word_1_100' title='bbox 406 1422 516 1483; x_wconf 89' lang='lat' dir='ltr'>iterum</span> <span class='ocrx_word' id='word_1_101' title='bbox 530 1423 663 1483; x_wconf 89' lang='lat' dir='ltr'>crudelis</span> <span class='ocrx_word' id='word_1_102' title='bbox 677 1423 800 1484; x_wconf 91' lang='lat' dir='ltr'>reddite</span> <span class='ocrx_word' id='word_1_103' title='bbox 813 1425 938 1504; x_wconf 85' lang='lat' dir='ltr'>Minos,</span> <span class='ocrx_word' id='word_1_104' title='bbox 1083 1438 1115 1493; x_wconf 70' lang='lat'>255</span> 
     </span>
     <span class='ocr_line' id='line_1_16' title="bbox 166 1505 901 1586; baseline 0.007 -20"><span class='ocrx_word' id='word_1_105' title='bbox 166 1505 209 1583; x_wconf 91' lang='lat'>„0</span> <span class='ocrx_word' id='word_1_106' title='bbox 225 1507 333 1566; x_wconf 89' lang='lat' dir='ltr'>iterum</span> <span class='ocrx_word' id='word_1_107' title='bbox 346 1513 472 1567; x_wconf 91' lang='lat' dir='ltr'>nostrae</span> <span class='ocrx_word' id='word_1_108' title='bbox 485 1506 587 1567; x_wconf 86' lang='lat' dir='ltr'>Minos</span> <span class='ocrx_word' id='word_1_109' title='bbox 600 1507 722 1568; x_wconf 91' lang='lat' dir='ltr'>inimice</span> <span class='ocrx_word' id='word_1_110' title='bbox 736 1517 901 1586; x_wconf 73' lang='lat' dir='ltr'>senectae,</span> 
     </span>
    </p>

    <p class='ocr_par' dir='ltr' id='par_1_9' title="bbox 165 1589 966 1668">
     <span class='ocr_line' id='line_1_17' title="bbox 165 1589 966 1668; baseline 0.006 -16"><span class='ocrx_word' id='word_1_111' title='bbox 165 1589 315 1667; x_wconf 92' lang='lat' dir='ltr'>„Semper</span> <span class='ocrx_word' id='word_1_112' title='bbox 327 1596 362 1651; x_wconf 88' lang='lat' dir='ltr'>ut</span> <span class='ocrx_word' id='word_1_113' title='bbox 376 1597 429 1651; x_wconf 88' lang='lat' dir='ltr'>aut</span> <span class='ocrx_word' id='word_1_114' title='bbox 442 1590 514 1649; x_wconf 89' lang='lat' dir='ltr'>olim</span> <span class='ocrx_word' id='word_1_115' title='bbox 528 1596 618 1651; x_wconf 88' lang='lat' dir='ltr'>natae</span> <span class='ocrx_word' id='word_1_116' title='bbox 631 1598 662 1650; x_wconf 92' lang='lat' dir='ltr'>te</span> <span class='ocrx_word' id='word_1_117' title='bbox 676 1598 805 1668; x_wconf 88' lang='lat' dir='ltr'>propter</span> <span class='ocrx_word' id='word_1_118' title='bbox 818 1597 966 1657; x_wconf 90' lang='lat' dir='ltr'>eundem</span> 
     </span>
    </p>

    <p class='ocr_par' dir='ltr' id='par_1_10' title="bbox 165 1674 941 1751">
     <span class='ocr_line' id='line_1_18' title="bbox 165 1674 941 1751; baseline 0.004 -17"><span class='ocrx_word' id='word_1_119' title='bbox 165 1676 245 1751; x_wconf 84' lang='lat' dir='ltr'>„Aut</span> <span class='ocrx_word' id='word_1_120' title='bbox 258 1689 345 1734; x_wconf 90' lang='lat' dir='ltr'>amor</span> <span class='ocrx_word' id='word_1_121' title='bbox 358 1674 485 1735; x_wconf 91' lang='lat' dir='ltr'>insanae</span> <span class='ocrx_word' id='word_1_122' title='bbox 498 1674 611 1736; x_wconf 88' lang='lat' dir='ltr'>luctum</span> <span class='ocrx_word' id='word_1_123' title='bbox 624 1675 758 1751; x_wconf 88' lang='lat' dir='ltr'>portavit</span> <span class='ocrx_word' id='word_1_124' title='bbox 771 1676 941 1740; x_wconf 79' lang='lat' dir='ltr'>alumnae:</span> 
     </span>
    </p>

    <p class='ocr_par' dir='ltr' id='par_1_11' title="bbox 165 1758 1020 1841">
     <span class='ocr_line' id='line_1_19' title="bbox 165 1758 1020 1841; baseline 0.012 -25"><span class='ocrx_word' id='word_1_125' title='bbox 165 1758 264 1834; x_wconf 86' lang='lat' dir='ltr'>„Tene</span> <span class='ocrx_word' id='word_1_126' title='bbox 280 1773 337 1834; x_wconf 82' lang='lat' dir='ltr'>ego</span> <span class='ocrx_word' id='word_1_127' title='bbox 352 1764 413 1818; x_wconf 86' lang='lat' dir='ltr'>tam</span> <span class='ocrx_word' id='word_1_128' title='bbox 428 1759 519 1832; x_wconf 82' lang='lat' dir='ltr'>longe</span> <span class='ocrx_word' id='word_1_129' title='bbox 533 1765 624 1833; x_wconf 88' lang='lat' dir='ltr'>capta</span> <span class='ocrx_word' id='word_1_130' title='bbox 636 1765 729 1833; x_wconf 88' lang='lat' dir='ltr'>atque</span> <span class='ocrx_word' id='word_1_131' title='bbox 741 1768 858 1821; x_wconf 89' lang='lat' dir='ltr'>avecta</span> <span class='ocrx_word' id='word_1_132' title='bbox 873 1765 1020 1841; x_wconf 91' lang='lat' dir='ltr'>nequivi,</span> 
     </span>
    </p>

    <p class='ocr_par' dir='ltr' id='par_1_12' title="bbox 92 1841 1115 2001">
     <span class='ocr_line' id='line_1_20' title="bbox 92 1841 1115 1926; baseline 0.015 -27"><span class='ocrx_word' id='word_1_133' title='bbox 92 1880 95 1885; x_wconf 84' lang='lat'><em>-</em></span> <span class='ocrx_word' id='word_1_134' title='bbox 164 1841 257 1918; x_wconf 90' lang='lat' dir='ltr'>„Tam</span> <span class='ocrx_word' id='word_1_135' title='bbox 271 1857 365 1916; x_wconf 81' lang='lat' dir='ltr'>grave</span> <span class='ocrx_word' id='word_1_136' title='bbox 380 1842 546 1916; x_wconf 89' lang='lat' dir='ltr'>servitium,</span> <span class='ocrx_word' id='word_1_137' title='bbox 560 1849 622 1902; x_wconf 88' lang='lat' dir='ltr'>tam</span> <span class='ocrx_word' id='word_1_138' title='bbox 637 1843 732 1904; x_wconf 89' lang='lat' dir='ltr'>duros</span> <span class='ocrx_word' id='word_1_139' title='bbox 745 1860 847 1919; x_wconf 86' lang='lat' dir='ltr'>passa</span> <span class='ocrx_word' id='word_1_140' title='bbox 863 1846 1010 1926; x_wconf 89' lang='lat' dir='ltr'>labores,</span> <span class='ocrx_word' id='word_1_141' title='bbox 1083 1860 1115 1914; x_wconf 71' lang='lat' dir='ltr'>tt]</span> 
     </span>
     <span class='ocr_line' id='line_1_21' title="bbox 164 1924 974 2001; baseline 0.011 -18"><span class='ocrx_word' id='word_1_142' title='bbox 164 1924 335 2001; x_wconf 71' lang='lat' dir='ltr'>„Effugere</span> <span class='ocrx_word' id='word_1_143' title='bbox 351 1933 385 1985; x_wconf 91' lang='lat' dir='ltr'>ut</span> <span class='ocrx_word' id='word_1_144' title='bbox 398 1925 506 1987; x_wconf 79' lang='lat' dir='ltr'>sistam</span> <span class='ocrx_word' id='word_1_145' title='bbox 519 1926 644 1987; x_wconf 87' lang='lat' dir='ltr'>exitium</span> <span class='ocrx_word' id='word_1_146' title='bbox 658 1928 784 1987; x_wconf 91' lang='lat' dir='ltr'>crudele</span> <span class='ocrx_word' id='word_1_147' title='bbox 798 1941 974 1992; x_wconf 66' lang='lat' dir='ltr'>meorum?</span> 
     </span>
    </p>

    <p class='ocr_par' dir='ltr' id='par_1_13' title="bbox 163 2009 1099 2262">
     <span class='ocr_line' id='line_1_22' title="bbox 164 2009 984 2088; baseline 0.011 -20"><span class='ocrx_word' id='word_1_148' title='bbox 164 2009 247 2086; x_wconf 90' lang='lat' dir='ltr'>„Iam</span> <span class='ocrx_word' id='word_1_149' title='bbox 262 2009 322 2071; x_wconf 89' lang='lat' dir='ltr'>iam</span> <span class='ocrx_word' id='word_1_150' title='bbox 336 2025 394 2070; x_wconf 92' lang='lat' dir='ltr'>nec</span> <span class='ocrx_word' id='word_1_151' title='bbox 407 2010 498 2072; x_wconf 93' lang='lat' dir='ltr'>nobis</span> <span class='ocrx_word' id='word_1_152' title='bbox 512 2026 559 2083; x_wconf 89' lang='lat' dir='ltr'>ea,</span> <span class='ocrx_word' id='word_1_153' title='bbox 576 2027 655 2086; x_wconf 91' lang='lat' dir='ltr'>quae</span> <span class='ocrx_word' id='word_1_154' title='bbox 670 2011 858 2088; x_wconf 89' lang='lat' dir='ltr'>senioribus,</span> <span class='ocrx_word' id='word_1_155' title='bbox 876 2016 984 2077; x_wconf 92' lang='lat' dir='ltr'>ullum</span> 
     </span>
     <span class='ocr_line' id='line_1_23' title="bbox 163 2094 1099 2177; baseline 0.012 -24"><span class='ocrx_word' id='word_1_156' title='bbox 163 2095 297 2170; x_wconf 86' lang='lat' dir='ltr'>„Vivere</span> <span class='ocrx_word' id='word_1_157' title='bbox 310 2094 351 2154; x_wconf 86' lang='lat' dir='ltr'>uti</span> <span class='ocrx_word' id='word_1_158' title='bbox 368 2095 489 2170; x_wconf 91' lang='lat' dir='ltr'>cupiam</span> <span class='ocrx_word' id='word_1_159' title='bbox 502 2094 582 2154; x_wconf 87' lang='lat' dir='ltr'>vitae</span> <span class='ocrx_word' id='word_1_160' title='bbox 596 2110 704 2170; x_wconf 80' lang='lat' dir='ltr'>genus.</span> <span class='ocrx_word' id='word_1_161' title='bbox 739 2094 780 2155; x_wconf 89' lang='lat' dir='ltr'>Ut</span> <span class='ocrx_word' id='word_1_162' title='bbox 795 2097 900 2171; x_wconf 80' lang='lat' dir='ltr'>quide</span> <span class='ocrx_word' id='word_1_163' title='bbox 921 2101 996 2177; x_wconf 84' lang='lat' dir='ltr'>Ego</span> <span class='ocrx_word' id='word_1_164' title='bbox 1011 2119 1099 2163; x_wconf 84' lang='lat' dir='ltr'>amens</span> 
     </span>
     <span class='ocr_line' id='line_1_24' title="bbox 163 2178 1001 2262; baseline 0.012 -26"><span class='ocrx_word' id='word_1_165' title='bbox 163 2178 224 2254; x_wconf 85' lang='lat' dir='ltr'>„Te</span> <span class='ocrx_word' id='word_1_166' title='bbox 238 2184 352 2254; x_wconf 83' lang='lat' dir='ltr'>erepta,</span> <span class='ocrx_word' id='word_1_167' title='bbox 369 2193 387 2238; x_wconf 95' lang='grc' dir='ltr'>ο</span> <span class='ocrx_word' id='word_1_168' title='bbox 402 2178 584 2251; x_wconf 83' lang='lat' dir='ltr'>Britomarti,</span> <span class='ocrx_word' id='word_1_169' title='bbox 598 2179 658 2238; x_wconf 91' lang='lat' dir='ltr'>mei</span> <span class='ocrx_word' id='word_1_170' title='bbox 672 2194 746 2254; x_wconf 89' lang='lat' dir='ltr'>spes</span> <span class='ocrx_word' id='word_1_171' title='bbox 761 2196 823 2240; x_wconf 90' lang='lat' dir='ltr'>una</span> <span class='ocrx_word' id='word_1_172' title='bbox 839 2185 1001 2262; x_wconf 87' lang='lat' dir='ltr'>sepulcri,</span> 
     </span>
    </p>

    <p class='ocr_par' dir='ltr' id='par_1_14' title="bbox 161 2261 1114 2506">
     <span class='ocr_line' id='line_1_25' title="bbox 162 2261 1114 2339; baseline 0.009 -19"><span class='ocrx_word' id='word_1_173' title='bbox 162 2262 232 2338; x_wconf 90' lang='lat' dir='ltr'>„Te,</span> <span class='ocrx_word' id='word_1_174' title='bbox 247 2261 429 2338; x_wconf 87' lang='lat' dir='ltr'>Britomarti,</span> <span class='ocrx_word' id='word_1_175' title='bbox 445 2263 526 2322; x_wconf 92' lang='lat' dir='ltr'>diem</span> <span class='ocrx_word' id='word_1_176' title='bbox 540 2263 625 2339; x_wconf 91' lang='lat' dir='ltr'>potui</span> <span class='ocrx_word' id='word_1_177' title='bbox 640 2262 812 2339; x_wconf 88' lang='lat' dir='ltr'>producere</span> <span class='ocrx_word' id='word_1_178' title='bbox 827 2265 943 2327; x_wconf 71' lang='lat' dir='ltr'>vitae?</span> <span class='ocrx_word' id='word_1_179' title='bbox 1082 2278 1114 2333; x_wconf 79' lang='lat' dir='ltr'>ttt</span> 
     </span>
     <span class='ocr_line' id='line_1_26' title="bbox 162 2346 942 2421; baseline 0.009 -16"><span class='ocrx_word' id='word_1_180' title='bbox 162 2346 283 2421; x_wconf 81' lang='lat' dir='ltr'>„Atque</span> <span class='ocrx_word' id='word_1_181' title='bbox 297 2347 413 2406; x_wconf 84' lang='lat' dir='ltr'>utinam</span> <span class='ocrx_word' id='word_1_182' title='bbox 427 2347 518 2406; x_wconf 84' lang='lat' dir='ltr'>ceteri</span> <span class='ocrx_word' id='word_1_183' title='bbox 532 2353 700 2406; x_wconf 83' lang='lat' dir='ltr'>natantum</span> <span class='ocrx_word' id='word_1_184' title='bbox 713 2352 802 2421; x_wconf 81' lang='lat' dir='ltr'>grata</span> <span class='ocrx_word' id='word_1_185' title='bbox 813 2347 942 2413; x_wconf 88' lang='lat' dir='ltr'>Dianae</span> 
     </span>
     <span class='ocr_line' id='line_1_27' title="bbox 161 2429 812 2506; baseline 0.006 -19"><span class='ocrx_word' id='word_1_186' title='bbox 161 2429 318 2504; x_wconf 90' lang='lat' dir='ltr'>„Venatus</span> <span class='ocrx_word' id='word_1_187' title='bbox 334 2445 422 2491; x_wconf 91' lang='lat' dir='ltr'>esses</span> <span class='ocrx_word' id='word_1_188' title='bbox 437 2430 523 2506; x_wconf 81' lang='lat' dir='ltr'>virgo</span> <span class='ocrx_word' id='word_1_189' title='bbox 539 2436 656 2491; x_wconf 85' lang='lat' dir='ltr'>sectata</span> <span class='ocrx_word' id='word_1_190' title='bbox 667 2430 812 2503; x_wconf 87' lang='lat' dir='ltr'>virorum,</span> 
     </span>
    </p>

    <p class='ocr_par' dir='ltr' id='par_1_15' title="bbox 161 2511 1116 2764">
     <span class='ocr_line' id='line_1_28' title="bbox 161 2511 973 2591; baseline 0.016 -21"><span class='ocrx_word' id='word_1_191' title='bbox 161 2511 294 2587; x_wconf 83' lang='lat' dir='ltr'>„Cnosia</span> <span class='ocrx_word' id='word_1_192' title='bbox 307 2513 369 2574; x_wconf 91' lang='lat' dir='ltr'>heu</span> <span class='ocrx_word' id='word_1_193' title='bbox 381 2513 493 2575; x_wconf 88' lang='lat' dir='ltr'>Partho</span> <span class='ocrx_word' id='word_1_194' title='bbox 508 2514 697 2576; x_wconf 82' lang='lat' dir='ltr'>contendens</span> <span class='ocrx_word' id='word_1_195' title='bbox 710 2514 834 2591; x_wconf 84' lang='lat' dir='ltr'>spicula</span> <span class='ocrx_word' id='word_1_196' title='bbox 848 2531 973 2582; x_wconf 83' lang='lat' dir='ltr'>cornu!</span> 
     </span>
     <span class='ocr_line' id='line_1_29' title="bbox 162 2594 915 2673; baseline 0.005 -18"><span class='ocrx_word' id='word_1_197' title='bbox 162 2595 323 2671; x_wconf 87' lang='lat' dir='ltr'>„Dictaeas</span> <span class='ocrx_word' id='word_1_198' title='bbox 338 2612 447 2672; x_wconf 82' lang='lat' dir='ltr'>ageres</span> <span class='ocrx_word' id='word_1_199' title='bbox 462 2599 503 2659; x_wconf 93' lang='lat' dir='ltr'>ad</span> <span class='ocrx_word' id='word_1_200' title='bbox 516 2594 653 2673; x_wconf 81' lang='lat' dir='ltr'>gramina</span> <span class='ocrx_word' id='word_1_201' title='bbox 665 2603 740 2658; x_wconf 84' lang='lat' dir='ltr'>nota</span> <span class='ocrx_word' id='word_1_202' title='bbox 752 2598 915 2673; x_wconf 79' lang='lat' dir='ltr'>capellas:</span> 
     </span>
     <span class='ocr_line' id='line_1_30' title="bbox 162 2680 1116 2764; baseline 0.016 -25"><span class='ocrx_word' id='word_1_203' title='bbox 162 2680 360 2756; x_wconf 79' lang='lat' dir='ltr'>„Numquam</span> <span class='ocrx_word' id='word_1_204' title='bbox 376 2688 438 2739; x_wconf 88' lang='lat' dir='ltr'>tam</span> <span class='ocrx_word' id='word_1_205' title='bbox 453 2681 565 2742; x_wconf 87' lang='lat' dir='ltr'>obnixe</span> <span class='ocrx_word' id='word_1_206' title='bbox 580 2680 700 2758; x_wconf 76' lang='lat' dir='ltr'>rugiens</span> <span class='ocrx_word' id='word_1_207' title='bbox 714 2680 828 2743; x_wconf 86' lang='lat' dir='ltr'>Minois</span> <span class='ocrx_word' id='word_1_208' title='bbox 842 2700 990 2764; x_wconf 83' lang='lat' dir='ltr'>amores,</span> <span class='ocrx_word' id='word_1_209' title='bbox 1081 2700 1116 2753; x_wconf 74' lang='lat' dir='ltr'>stt</span> 
     </span>
    </p>
   </div>
   <div class='ocr_carea' id='block_1_3' title="bbox 37 2763 910 2845">
    <p class='ocr_par' dir='ltr' id='par_1_16' title="bbox 37 2763 910 2845">
     <span class='ocr_line' id='line_1_31' title="bbox 37 2763 910 2845; baseline 0.018 -29"><span class='ocrx_word' id='word_1_210' title='bbox 37 2800 42 2807; x_wconf 85' lang='lat'><strong><em>.</em></strong></span> <span class='ocrx_word' id='word_1_211' title='bbox 161 2763 333 2840; x_wconf 86' lang='lat' dir='ltr'>„Praeceps</span> <span class='ocrx_word' id='word_1_212' title='bbox 349 2765 430 2823; x_wconf 76' lang='lat' dir='ltr'>aerei</span> <span class='ocrx_word' id='word_1_213' title='bbox 445 2766 573 2841; x_wconf 85' lang='lat' dir='ltr'>specula</span> <span class='ocrx_word' id='word_1_214' title='bbox 587 2765 627 2826; x_wconf 92' lang='lat' dir='ltr'>de</span> <span class='ocrx_word' id='word_1_215' title='bbox 640 2764 753 2827; x_wconf 89' lang='lat' dir='ltr'>montis</span> <span class='ocrx_word' id='word_1_216' title='bbox 767 2764 910 2845; x_wconf 86' lang='lat' dir='ltr'>obisses,</span> 
     </span>
    </p>
   </div>
   <div class='ocr_carea' id='block_1_4' title="bbox 157 2847 1158 3525">
    <p class='ocr_par' dir='ltr' id='par_1_17' title="bbox 157 2847 1158 3525">
     <span class='ocr_line' id='line_1_32' title="bbox 161 2847 946 2927; baseline 0.011 -19"><span class='ocrx_word' id='word_1_217' title='bbox 161 2848 269 2924; x_wconf 90' lang='lat' dir='ltr'>„Unde</span> <span class='ocrx_word' id='word_1_218' title='bbox 284 2847 334 2907; x_wconf 91' lang='lat' dir='ltr'>alii</span> <span class='ocrx_word' id='word_1_219' title='bbox 349 2847 467 2923; x_wconf 79' lang='lat' dir='ltr'>fugisse</span> <span class='ocrx_word' id='word_1_220' title='bbox 481 2850 590 2924; x_wconf 81' lang='lat' dir='ltr'>ierunt,</span> <span class='ocrx_word' id='word_1_221' title='bbox 604 2857 635 2911; x_wconf 90' lang='lat' dir='ltr'>et</span> <span class='ocrx_word' id='word_1_222' title='bbox 647 2848 773 2911; x_wconf 80' lang='lat' dir='ltr'>unauna</span> <span class='ocrx_word' id='word_1_223' title='bbox 783 2850 946 2927; x_wconf 84' lang='lat' dir='ltr'>Aphaeae</span> 
     </span>
     <span class='ocr_line' id='line_1_33' title="bbox 160 2931 901 3011; baseline 0.009 -21"><span class='ocrx_word' id='word_1_224' title='bbox 160 2931 314 3009; x_wconf 81' lang='lat' dir='ltr'>„Virginis</span> <span class='ocrx_word' id='word_1_225' title='bbox 330 2933 504 3008; x_wconf 69' lang='lat' dir='ltr'>assignant,</span> <span class='ocrx_word' id='word_1_226' title='bbox 526 2934 587 3008; x_wconf 88' lang='lat' dir='ltr'>atii,</span> <span class='ocrx_word' id='word_1_227' title='bbox 603 2948 664 3009; x_wconf 92' lang='lat' dir='ltr'>quo</span> <span class='ocrx_word' id='word_1_228' title='bbox 679 2933 781 2995; x_wconf 89' lang='lat' dir='ltr'>notior</span> <span class='ocrx_word' id='word_1_229' title='bbox 794 2948 901 3011; x_wconf 86' lang='lat' dir='ltr'>esses,</span> 
     </span>
     <span class='ocr_line' id='line_1_34' title="bbox 160 3016 1157 3103; baseline 0.004 -27"><span class='ocrx_word' id='word_1_230' title='bbox 160 3016 361 3093; x_wconf 81' lang='lat' dir='ltr'>„Dictynnam</span> <span class='ocrx_word' id='word_1_231' title='bbox 376 3017 481 3078; x_wconf 86' lang='lat' dir='ltr'>dixere</span> <span class='ocrx_word' id='word_1_232' title='bbox 495 3024 548 3079; x_wconf 87' lang='lat' dir='ltr'>tuo</span> <span class='ocrx_word' id='word_1_233' title='bbox 563 3018 602 3078; x_wconf 91' lang='lat' dir='ltr'>de</span> <span class='ocrx_word' id='word_1_234' title='bbox 616 3016 740 3079; x_wconf 85' lang='lat' dir='ltr'>nomine</span> <span class='ocrx_word' id='word_1_235' title='bbox 751 3016 884 3079; x_wconf 87' lang='lat' dir='ltr'>Lunam.</span> <span class='ocrx_word' id='word_1_236' title='bbox 1154 3092 1157 3103; x_wconf 37' lang='grc' dir='ltr'>Ι</span> 
     </span>
     <span class='ocr_line' id='line_1_35' title="bbox 160 3098 1158 3181; baseline 0.019 -24"><span class='ocrx_word' id='word_1_237' title='bbox 160 3098 247 3175; x_wconf 86' lang='lat' dir='ltr'>„Sint</span> <span class='ocrx_word' id='word_1_238' title='bbox 260 3100 337 3160; x_wconf 90' lang='lat' dir='ltr'>haec</span> <span class='ocrx_word' id='word_1_239' title='bbox 349 3116 425 3161; x_wconf 91' lang='lat' dir='ltr'>vera</span> <span class='ocrx_word' id='word_1_240' title='bbox 439 3102 545 3175; x_wconf 84' lang='lat' dir='ltr'>vetim;</span> <span class='ocrx_word' id='word_1_241' title='bbox 568 3101 845 3179; x_wconf 70' lang='lat' dir='ltr'>nihirmentus,</span> <span class='ocrx_word' id='word_1_242' title='bbox 860 3108 998 3181; x_wconf 85' lang='lat' dir='ltr'>peristi=</span> <span class='ocrx_word' id='word_1_243' title='bbox 1083 3118 1123 3175; x_wconf 77' lang='lat' dir='ltr'>eti</span> <span class='ocrx_word' id='word_1_244' title='bbox 1154 3106 1158 3151; x_wconf 68' lang='lat'>³</span> 
     </span>
     <span class='ocr_line' id='line_1_36' title="bbox 159 3183 1101 3260; baseline 0.018 -19"><span class='ocrx_word' id='word_1_245' title='bbox 159 3183 348 3258; x_wconf 86' lang='lat' dir='ltr'>„Numquam</span> <span class='ocrx_word' id='word_1_246' title='bbox 362 3200 421 3260; x_wconf 79' lang='lat' dir='ltr'>ego</span> <span class='ocrx_word' id='word_1_247' title='bbox 435 3192 465 3246; x_wconf 86' lang='lat' dir='ltr'>te</span> <span class='ocrx_word' id='word_1_248' title='bbox 479 3202 597 3247; x_wconf 89' lang='lat' dir='ltr'>summo</span> <span class='ocrx_word' id='word_1_249' title='bbox 612 3184 790 3247; x_wconf 85' lang='lat' dir='ltr'>volitantem</span> <span class='ocrx_word' id='word_1_250' title='bbox 803 3187 836 3247; x_wconf 92' lang='lat' dir='ltr'>in</span> <span class='ocrx_word' id='word_1_251' title='bbox 851 3192 976 3253; x_wconf 86' lang='lat' dir='ltr'>vertice</span> <span class='ocrx_word' id='word_1_252' title='bbox 991 3198 1101 3258; x_wconf 89' lang='lat' dir='ltr'>montis</span> 
     </span>
     <span class='ocr_line' id='line_1_37' title="bbox 159 3266 912 3346; baseline 0.012 -21"><span class='ocrx_word' id='word_1_253' title='bbox 159 3266 340 3345; x_wconf 83' lang='lat' dir='ltr'>„Hyrcanos</span> <span class='ocrx_word' id='word_1_254' title='bbox 353 3268 431 3329; x_wconf 90' lang='lat' dir='ltr'>inter</span> <span class='ocrx_word' id='word_1_255' title='bbox 444 3271 572 3331; x_wconf 67' lang='lat' dir='ltr'>condus</span> <span class='ocrx_word' id='word_1_256' title='bbox 586 3285 759 3346; x_wconf 76' lang='lat' dir='ltr'>agmenque</span> <span class='ocrx_word' id='word_1_257' title='bbox 772 3270 912 3334; x_wconf 84' lang='lat' dir='ltr'>feramm</span> 
     </span>
     <span class='ocr_line' id='line_1_38' title="bbox 158 3349 996 3430; baseline 0.018 -21"><span class='ocrx_word' id='word_1_258' title='bbox 158 3349 381 3427; x_wconf 79' lang='lat' dir='ltr'>„Conspiciam</span> <span class='ocrx_word' id='word_1_259' title='bbox 397 3369 454 3414; x_wconf 87' lang='lat' dir='ltr'>nec</span> <span class='ocrx_word' id='word_1_260' title='bbox 467 3360 498 3414; x_wconf 83' lang='lat' dir='ltr'>te</span> <span class='ocrx_word' id='word_1_261' title='bbox 512 3356 689 3415; x_wconf 88' lang='lat' dir='ltr'>redeuntem</span> <span class='ocrx_word' id='word_1_262' title='bbox 703 3355 849 3430; x_wconf 88' lang='lat' dir='ltr'>amplexa</span> <span class='ocrx_word' id='word_1_263' title='bbox 862 3360 996 3423; x_wconf 87' lang='lat' dir='ltr'>tenebo.</span> 
     </span>
     <span class='ocr_line' id='line_1_39' title="bbox 157 3434 1088 3525; baseline 0.014 -29"><span class='ocrx_word' id='word_1_264' title='bbox 157 3434 295 3513; x_wconf 88' lang='lat' dir='ltr'>„Verum</span> <span class='ocrx_word' id='word_1_265' title='bbox 305 3435 385 3497; x_wconf 84' lang='lat' dir='ltr'>haec</span> <span class='ocrx_word' id='word_1_266' title='bbox 396 3444 464 3499; x_wconf 87' lang='lat' dir='ltr'>tum</span> <span class='ocrx_word' id='word_1_267' title='bbox 474 3454 541 3499; x_wconf 89' lang='lat' dir='ltr'>non</span> <span class='ocrx_word' id='word_1_268' title='bbox 551 3438 597 3499; x_wconf 85' lang='lat' dir='ltr'>sic</span> <span class='ocrx_word' id='word_1_269' title='bbox 611 3437 718 3513; x_wconf 73' lang='lat' dir='ltr'>gravia</span> <span class='ocrx_word' id='word_1_270' title='bbox 731 3445 826 3516; x_wconf 90' lang='lat' dir='ltr'>atque</span> <span class='ocrx_word' id='word_1_271' title='bbox 840 3441 976 3520; x_wconf 80' lang='lat' dir='ltr'>indigna</span> <span class='ocrx_word' id='word_1_272' title='bbox 991 3449 1088 3525; x_wconf 81' lang='lat' dir='ltr'>tuere,</span> 
     </span>
    </p>
   </div>
   <div class='ocr_carea' id='block_1_5' title="bbox 0 0 1168 3780">
    <p class='ocr_par' dir='ltr' id='par_1_18' title="bbox 0 0 1168 3780">
     <span class='ocr_line' id='line_1_40' title="bbox 0 0 1168 3780; baseline 0 3"><span class='ocrx_word' id='word_1_273' title='bbox 0 0 1168 3780; x_wconf 95' lang='lat' dir='ltr'> </span> 
     </span>
    </p>
   </div>
  </div>
 </body>
</html>
