2326 3780
100 216 215 274 XXVIII
427 216 736 275 INTRODUCTIO.

101 371 178 443 poris
198 375 241 425 est
258 370 393 442 epistolae
413 370 613 442 fragmentum,
635 369 712 440 quod
732 370 803 424 inira
819 386 848 440 p.
860 367 932 430 880.
953 372 1067 444 legitur.

102 454 281 510 GratissImus
293 459 368 511 certe
379 460 464 526 poeta
474 454 604 525 Augusto
615 455 665 508 luit
675 459 703 509 et
717 454 826 525 magnis
838 456 1004 511 muneribus
1015 458 1068 513 do-

101 542 183 593 natus
206 544 256 593 est.
284 539 342 595 vid.
366 538 460 593 Horat.
477 538 566 609 Epist.
585 538 617 592 Il.
636 536 665 596 1.
684 532 754 598 246.
782 539 874 609 Atque
895 541 1066 613 secundum,

102 627 231 693 quartum
242 627 271 678 et
288 628 397 678 sextum
409 622 539 677 carminis
550 622 649 676 librum
661 622 698 676 illi
710 623 854 677 recitatum
866 640 947 693 esse,
969 641 1066 697 gram-

100 706 194 762 matici
204 707 325 762 tradunt.
337 724 366 761 v.
378 705 469 777 Heyn.
477 707 517 761 ud
525 706 625 761 Doaat.
637 707 654 760 l.
662 721 686 760 c.
717 705 806 762 iidem
816 705 924 777 lingunt
930 706 1067 765 Aeneida

99 806 188 863 prosa
204 792 283 864 prius
301 790 426 845 oratione
444 791 604 859 formatam,
626 796 654 844 et
670 796 781 861 poetam
795 798 913 861 quatuor
924 793 1067 865 etvigInli

92 875 187 930 libros
204 891 295 946 usquo
311 873 349 929 ad
358 874 479 945 Augusti
495 879 624 945 tempora
635 875 801 946 scripturum
814 880 896 947 alque
908 875 964 930 alia
976 892 1066 947 quae-

101 958 167 1014 dam
177 973 392 1030 percursurum,
414 959 534 1029 Augusti
545 974 614 1015 vero
625 963 706 1029 gesta
717 959 929 1030 diligentissime
942 976 1066 1016 exsecu-

99 1046 193 1096 turum
209 1041 305 1097 luissc.
342 1040 425 1109 Quod
442 1047 628 1096 commentum
645 1041 760 1097 abduxit
776 1042 928 1114 Mapheum
938 1043 1065 1115 Vegium

99 1126 294 1193 Laudenscm,
317 1131 346 1180 ut
357 1127 471 1182 sacculo
482 1122 595 1197 xvn'p.
607 1123 637 1180 C.
649 1142 676 1180 n.
688 1127 788 1181 librum
800 1125 940 1182 decimum
950 1130 1066 1184 tertium

99 1209 374 1266 Aeneidiadiiceret.
406 1209 528 1264 Aeneidi
539 1211 753 1280 componendae
763 1215 848 1281 poeta
858 1226 947 1264 annos
960 1210 1065 1268 decem

102 1290 313 1362 [725.-785.]
334 1293 477 1364 Impendit
512 1292 671 1363 Antequam
689 1310 759 1350 vero
773 1295 898 1349 ultimam
909 1311 1024 1350 manum
1037 1298 1065 1352 ei

100 1376 247 1448 imposuit,
270 1393 344 1432 anno
361 1374 433 1437 785.
451 1378 480 1431 in
494 1376 640 1432 Graeciam
657 1382 684 1431 et
696 1377 795 1432 Asiam
805 1377 946 1433 decedere
958 1381 1063 1448 statuit,

99 1461 129 1517 in
140 1461 219 1516 cuius
229 1461 335 1516 itineris
346 1462 505 1518 felicitatem
519 1461 648 1517 Horatius
662 1460 711 1517 Od.
723 1462 744 1517 1.
756 1459 785 1521 8.
797 1461 923 1532 scripsit,
945 1463 994 1532 qui
1006 1465 1064 1518 iam

101 1550 183 1601 antea
203 1548 240 1615 [a.
251 1543 335 1614 780.]
354 1547 427 1602 illius
445 1546 571 1601 dolorem
589 1546 625 1601 de
642 1551 731 1600 morte
750 1544 888 1612 Quinctilii
907 1544 956 1600 θα.
971 1547 993 1600 L
1010 1543 1062 1606 24.

93 1633 262 1686 consolatus
277 1636 345 1686 erat.
387 1630 506 1686 Athenis
521 1630 655 1701 Virgilius
672 1629 791 1685 occurrit
803 1629 932 1701 Augusto
949 1631 984 1685 ab
1000 1630 1063 1687 Ori-

101 1720 164 1771 ente
183 1713 302 1770 Romam
326 1716 492 1784 revcrtcnti,
520 1730 641 1784 quocum
665 1713 694 1767 in
717 1713 823 1767 ltaliam
843 1712 936 1768 redire
958 1716 1062 1770 statuit

100 1797 160 1856 Sed
180 1800 236 1856 iam
256 1800 311 1856 illic
332 1794 481 1872 aegrotare
499 1799 606 1869 coepit,
628 1802 710 1867 atque
724 1798 822 1853 itinere
838 1802 865 1852 ct
879 1797 1065 1869 navigatione

100 1886 214 1939 morbus
236 1884 351 1955 gravior
371 1886 461 1938 lactus
477 1887 528 1936 est.
567 1880 637 1936 Cum
651 1886 744 1935 autem
757 1881 947 1936 Brundusium
962 1898 1062 1940 rever-

100 1981 149 2020 sus
165 1971 254 2034 esset,
275 1982 302 2020 a.
321 1966 348 2020 d.
365 1965 400 2019 X.
417 1966 479 2019 Kal.
493 1964 602 2019 Octobr.
622 1963 702 2032 obiit,
731 1969 813 2034 atque
835 1965 901 2020 inde
921 1965 1062 2038 Neapolin

98 2050 248 2104 translatus
268 2047 304 2101 ad
323 2048 399 2103 viam
419 2048 600 2101 Puteolanam
621 2049 745 2118 sepultus
763 2054 814 2104 est.
836 2049 896 2105 vid.
915 2049 1008 2121 Heyn.
1025 2052 1065 2106 ad

98 2133 200 2192 Donat.
213 2128 359 2192 52.-65.
393 2128 434 2186 De
452 2131 592 2186 hodIerno
608 2130 692 2187 huius
710 2132 832 2203 sepulcri
854 2133 1062 2195 situdiversae

100 2221 164 2271 sunt
174 2215 301 2272 virorum
312 2215 459 2270 doctorum
469 2216 632 2271 sententiae.
645 2233 674 2272 v.
683 2216 790 2273 Genthe
804 2215 855 2272 Va.
869 2217 963 2289 Virgil-
975 2214 1062 2289 pal.

100 2316 179 2373 sqq.‚
201 2299 223 2354 Ι.
236 2298 317 2354 Caes.
332 2298 444 2371 Capacii
458 2299 583 2356 Historia
595 2300 709 2372 Neapol.
721 2301 786 2355 Vol.
799 2300 833 2353 II.
851 2300 899 2355 lib.
913 2301 946 2355 II.
965 2318 995 2372 p.
1007 2300 1062 2362 31.

100 2400 179 2455 sqq.‚
200 2383 273 2439 Iorio
281 2383 370 2439 Gelda
381 2383 550 2440 diPuzzuoli
561 2382 723 2456 p.1.-·17.
736 2389 763 2439 et
771 2383 956 2455 Morganblott
967 2383 1063 2448 1826.

99 2484 141 2523 nr.
153 2464 204 2527 80.
232 2466 296 2539 Ipse
308 2472 401 2523 autem
411 2468 465 2524 hoc
478 2469 648 2542 epitaphium
660 2468 712 2522 sibi
724 2467 872 2538 scripsisse
887 2468 1002 2524 dicitur=

203 2551 321 2607 Mantua
331 2567 375 2608 mc
384 2556 490 2625 genuit,
513 2553 625 2610 Calabri
634 2566 771 2623 rapuere,
793 2556 947 2608 tenetnunc

243 2637 419 2710 Parthenope
425 2660 435 2700 ;
457 2639 544 2693 cecini
549 2651 674 2708 pascuo,
695 2652 781 2704 rura,
803 2636 895 2690 duces.

97 2718 282 2776 Moribundus
299 2720 434 2794 Virgilius
450 2719 580 2777 Aeneida
598 2723 627 2773 ut
646 2735 716 2789 opus
734 2719 943 2774 inemendatum
954 2721 1063 2792 Imper-

98 2805 257 2876 Ieclumque
275 2806 401 2861 comburi
415 2806 503 2860 iussit.
536 2820 564 2859 v.
577 2802 680 2857 Gellius
690 2801 775 2856 XVII.
789 2800 856 2872 10.,
878 2804 982 2857 Plinius
996 2805 1061 2862 hist.

97 2893 155 2945 nat.
173 2889 232 2943 VII.
250 2887 302 2949 80.
320 2888 387 2959 81,
409 2888 534 2943 Macrob.
546 2886 567 2941 1.
581 2881 645 2954 24,
667 2884 820 2941 Weichert.
838 2887 872 2942 dc
889 2887 921 2943 L.
941 2887 1021 2944 Varii
1034 2898 1064 2947 et

99 2973 188 3030 Cassii
202 2974 299 3029 Parm.
318 2976 373 3029 cim
392 2989 421 3043 p·
434 2971 485 3030 67.
509 2985 552 3039 sq.
568 2974 595 3025 et
614 2970 696 3025 Laur.
710 2970 767 3031 Ad.
783 2970 967 3026 Bartenstein.
983 2972 1062 3030 Pro-

96 3073 224 3130 grommo
239 3055 264 3113 I.
291 3073 344 3113 cur
365 3054 496 3127 Virgilius
516 3055 636 3109 mortam
653 3054 777 3110 Aeneida
797 3055 921 3111 comburi
939 3058 1062 3113 iusserit.

99 3138 330 3213 Coburgi1774·
347 3134 377 3197 4.
414 3136 497 3205 Quod
509 3141 604 3193 tumen
618 3137 680 3193 fieri
694 3139 839 3211 Augustus
856 3139 959 3208 vetuit,
981 3157 1062 3196 eam·

46 3210 50 3217 *
98 3241 153 3295 quc
173 3227 203 3281 L.
220 3223 307 3278 Vario
329 3227 357 3277 et
377 3222 466 3277 Plotio
486 3221 598 3277 'luccae
617 3223 825 3279 emendandam
840 3223 962 3278 tradidit.
1006 3224 1062 3292 Qui

98 3315 235 3378 quatenus
256 3305 311 3360 hoc
333 3320 405 3377 opus
427 3307 588 3379 exegerint,
609 3322 666 3362 non
687 3308 754 3362 satis
776 3307 870 3377 liquet.
913 3306 1060 3365 Gramma*

96 3392 143 3447 tici
161 3394 289 3458 narrant,
310 3388 366 3445 hoc
386 3395 492 3447 tantum
510 3392 668 3447 summatim
681 3393 783 3447 lactum
795 3407 874 3459 esse,
895 3391 933 3445 ita
948 3397 976 3446 ut
991 3393 1060 3448 nihil

96 3474 236 3531 adderent
248 3479 275 3530 et
284 3488 377 3547 pauca
389 3475 555 3532 reciderent
592 3473 871 3532 Coni.Weichertda
881 3478 1059 3534 cerumar.
