2326 3780
123 210 189 267 Xl'V
449 204 759 265 lnrnonucrlo.

125 366 186 421 ciae
208 369 340 437 praeerat
359 370 443 435 atque
463 368 663 419 veteranorum
676 362 798 433 libidini,
827 368 960 433 quantum
973 372 1085 437 posset,

124 450 268 517 obstabat,
288 446 419 505 effecisse
432 446 560 517 videtur,
579 453 610 501 ut
621 444 732 519 Virgilii
745 462 816 519 ager
831 448 978 503 incolumis
994 457 1085 506 esset.

124 530 184 589 Sed
204 533 336 589 Pollionis
358 530 508 587 auctoritas
530 546 588 587 non
616 530 665 587 diu
685 530 809 588 valuisse
828 531 948 587 videtur.
984 532 1085 605 ltaque

124 633 188 672 cum
203 632 301 673 mense
316 614 413 673 Sextili
428 614 495 671 novi
515 616 581 671 belli
594 615 749 687 perieulum
768 615 981 687 ingravesceret
995 623 1085 689 atque

122 701 228 771 Pollio,
245 702 275 757 L.
292 700 414 756 Antonio
434 699 632 768 auxiliaturus,
653 714 717 753 cum
736 699 825 771 copiis
847 700 906 756 suis
921 699 1084 758 discessum

114 802 140 841 'e
157 786 273 858 regione
288 784 440 841 Mantuana
452 789 582 855 peraret3
606 783 756 855 Virgilius,
782 784 845 839 sive
866 799 884 839 a
897 784 1024 840 Pollione
1039 786 1083 842 in·

124 870 222 925 citatus
237 870 299 925 sive
320 884 373 923 aua
386 874 503 939 sponte,
529 866 649 925 Romam
669 885 701 923 se
716 867 845 936 eontulit,
878 868 923 923 ubi
940 870 976 923 ab
998 854 1084 925 (icta-

122 956 218 1023 viano,
232 952 276 1008 oui
287 970 319 1008 se
332 950 556 1023 Mantuanosque
568 954 626 1008 iam
633 951 741 1023 Ecloga
751 958 850 1023 quarta
861 952 1083 1011 commendave-

122 1041 181 1107 rat,
196 1037 258 1109 agri
272 1037 316 1092 sui
330 1037 548 1093 incolumitatem
564 1041 681 1109 peteret
719 1034 777 1092 Res
792 1036 909 1091 lelieiter
923 1038 1023 1106 cessit,
1040 1045 1082 1093 at-

123 1137 179 1193 que
194 1121 364 1178 Octavianus
379 1120 481 1190 edixit,
495 1127 526 1176 ut
539 1126 640 1192 poetae
655 1136 724 1176 suus
739 1136 809 1191 ager
823 1126 958 1177 maneret.
974 1137 1002 1176 v.
1017 1122 1083 1178 Ecl.

121 1206 141 1261 1.
164 1200 214 1265 lo.
237 1220 279 1275 sq.
302 1211 330 1260 et
349 1204 395 1260 lX.
417 1206 447 1264 7.
462 1221 523 1276 sqq.
551 1205 690 1274 Fuerunt,
712 1205 759 1275 qui
772 1210 886 1276 poetam
906 1205 934 1258 in
949 1220 983 1261 ea
998 1222 1029 1260 re
1045 1208 1083 1263 ab

120 1290 223 1345 Alieno
242 1288 319 1344 Vero
348 1296 376 1345 et
395 1287 524 1345 Cornelio
543 1288 638 1357 Gallo,
668 1289 716 1359 qui
741 1287 797 1344 hoc
823 1293 951 1360 tempore
971 1287 1083 1345 Romae

122 1379 216 1443 erant,
237 1372 362 1429 adiutum
377 1379 405 1430 et
424 1372 578 1431 Octaviano
593 1371 818 1428 commendatum
832 1390 897 1429 esse
912 1378 1084 1442 statuerent,

121 1457 174 1513 sed
194 1458 360 1514 sententiam
380 1458 463 1514 certis
485 1458 652 1514 testimoniis
674 1457 902 1529 argumentisque
925 1473 982 1511 non
1003 1474 1082 1512 oom-

120 1542 284 1614 probarunt.
319 1544 375 1599 Alii
387 1543 470 1599 etiam
481 1541 512 1600 C.
525 1540 642 1598 Cilnium
656 1541 850 1597 Maecenatem
865 1540 985 1612 Virgilio
999 1543 1081 1596 auxi-

120 1626 216 1681 liatum
230 1643 295 1683 osse
310 1627 444 1695 eredunt3
465 1626 518 1682 sed
530 1625 614 1683 huius
629 1641 714 1697 opem
727 1623 852 1680 Donatus
867 1630 892 1693 ς.
907 1623 958 1685 96.
974 1626 1083 1681 rectius

122 1710 160 1767 ad
174 1712 290 1767 alteram
305 1713 367 1784 agri
380 1710 528 1783 Virgilisni
542 1711 756 1782 occupationem
770 1709 877 1777 retulit,
902 1709 988 1780 idque
1002 1706 1079 1763 Mar-

122 1794 195 1851 tialis
210 1794 280 1851 v111.
296 1795 347 1857 56.
361 1798 391 1856 7.
405 1826 450 1839 -
463 1794 514 1855 10.
530 1794 697 1851 confirmare
711 1791 831 1851 videtur.
868 1790 966 1864 Neque
987 1794 1083 1849 obstat

121 1880 228 1935 Auctor
243 1880 336 1936 Carra.
352 1881 392 1935 od
403 1880 500 1935 Pasa
511 1878 583 1940 218.
598 1892 677 1947 sqq,
692 1877 739 1947 qui
753 1878 909 1948 generatim
924 1883 1030 1933 tantum
1041 1877 1081 1933 de

123 1961 296 2019 Maecenatis
310 1964 339 2017 in
354 1961 502 2033 Virgilium
516 1962 622 2017 meritis
637 1962 765 2031 loquitur.
808 1959 926 2018 Omnino
942 1962 1082 2033 Virgilius

123 2052 188 2102 ante
202 2062 306 2101 annum
320 2042 392 2105 714.
404 2061 461 2101 non
471 2045 584 2103 videtur
594 2046 623 2100 in
633 2044 808 2109 Maecenatis
819 2046 1080 2117 gratiamvenisse,

122 2130 197 2187 unde
217 2132 301 2187 etiam
322 2146 460 2201 nusquam
480 2131 508 2185 in
521 2130 636 2202 Eclogis
650 2148 715 2187 eum
731 2131 978 2199 commemoravit,
1000 2129 1080 2201 quod

119 2216 170 2271 vix
188 2215 438 2287 praetermisisset,
466 2216 490 2270 si
519 2212 573 2271 hoe
599 2222 726 2288 tempore
747 2217 782 2271 ab
803 2231 838 2271 eo
859 2213 971 2269 adiutus
992 2219 1079 2271 esset.

119 2298 192 2355 lllud
214 2304 308 2354 autem
329 2298 473 2355 Octaviani
501 2299 669 2356 beneficium
689 2306 775 2373 poeta
794 2298 934 2370 Eclogu
959 2298 1080 2369 prima

121 2382 282 2450 celebravit,
298 2398 370 2453 quae
383 2399 456 2438 anno
468 2382 539 2444 713.
554 2386 658 2457 scripta
670 2400 762 2455 neque
775 2388 839 2439 ante
853 2398 982 2438 mensem
993 2381 1077 2439 Octo-

119 2468 199 2521 brem
214 2471 384 2536 extrcmum,
398 2476 547 2540 postquam
559 2475 686 2541 apertum
701 2470 772 2524 inter
783 2465 967 2527 Octavianum
979 2472 1006 2521 et
1016 2465 1077 2521 An·

120 2550 248 2606 tonianos
263 2551 319 2607 iam
330 2555 606 2622 exarseratbellum,
622 2553 697 2609 edita
708 2568 773 2607 esse
784 2550 905 2609 videtur.
926 2568 954 2607 v.
967 2548 1077 2621 Spohn.

119 2634 159 2689 ad
167 2634 228 2689 Ecl.
242 2635 262 2690 Ι.
278 2634 328 2697 82.
369 2636 399 2691 ln
421 2654 455 2693 eo
477 2640 550 2694 enim
571 2638 694 2693 carmine
709 2642 808 2707 poeta,
836 2652 954 2707 prorsus
975 2635 1078 2689 oblitus

118 2718 270 2789 Pollionis,
287 2720 391 2793 quippe
406 2720 582 2778 Caesarianis
597 2720 653 2775 hoe
667 2726 793 2791 tempore
815 2720 923 2787 infesti,
945 2718 1075 2775 Octavia-

119 2818 186 2859 num
200 2804 282 2859 tantis
301 2805 431 2862 laudibus
449 2805 610 2873 exornavit,
632 2808 661 2859 ut
679 2819 760 2872 eum,
782 2803 829 2874 qui
850 2804 885 2859 ab
906 2819 981 2859 anno
1003 2801 1076 2863 712.

118 2886 182 2945 Divi
202 2886 263 2943 Iulii
283 2888 356 2945 lilius
376 2890 466 2945 dictus
491 2894 549 2957 est,
569 2886 642 2943 adeo
658 2886 743 2943 deum
758 2887 945 2959 appellaverit
959 2893 1077 2957 etquea

119 2988 151 3027 se
166 2972 238 3029 inter
251 2974 338 3029 Lares
352 2974 521 3029 domesticos
536 2972 639 3028 cultum
659 2971 692 3025 iri
713 2970 865 3027 affirmaris
903 2990 931 3029 v.
945 2970 985 3027 ad
1002 2970 1037 3027 Ε.
1053 2970 1076 3025 Ι.

119 3051 186 3125 48.,
207 3054 315 3129 Spohn.
336 3058 376 3113 ad
387 3056 423 3113 Ε.
437 3056 457 3111 1.
473 3051 523 3115 44.
545 3061 572 3111 et
584 3054 728 3127 Forbiger.
749 3056 789 3113 ud
800 3056 835 3113 Ε.
850 3056 870 3109 1.
885 3052 915 3115 ὀ.
944 3054 1075 3111 Ceterum

119 3141 190 3196 mira
204 3148 268 3197 sunt
279 3140 522 3215 grammaticorum
533 3139 570 3195 dc
583 3138 639 3195 hoe
649 3141 773 3197 carmina
783 3140 932 3212 figmenta,
948 3140 995 3211 qui
1009 3154 1075 3194 eum

119 3226 171 3280 sub
186 3226 273 3299 Tityri
286 3239 410 3296 persona
425 3224 516 3295 ipsum
527 3222 674 3295 Virgilium
684 3226 772 3281 latero
783 3225 952 3293 statuissent,
965 3222 1073 3279 Menal-

119 3324 171 3363 cae
186 3310 300 3365 nomine
314 3313 363 3363 aut
374 3305 506 3364 Cebetem
515 3324 634 3381 puerum
648 3324 666 3363 a
680 3309 797 3381 Virgilio
809 3314 931 3365 amatum
941 3314 988 3363 aut
998 3307 1074 3363 adeo

119 3388 280 3447 Cornelium
296 3390 405 3448 Gallum
419 3390 572 3465 significari
583 3393 678 3465 inepte
690 3393 879 3451 crediderunt
900 3410 929 3447 v.
941 3390 1023 3448 Serv.
1034 3388 1076 3445 ad

97 3470 153 3592 ff
174 3472 196 3529 1·
213 3472 243 3537 1.
263 3480 291 3533 et
310 3475 343 3532 11.
359 3474 540 3539 mnodum
560 3478 659 3551 eriam,
678 3478 861 3553 amarynns
876 3476 989 3533 nomine
1008 3474 1072 3529 no-
