2326 3780
400 118 595 179 AENEIDOS
616 119 689 179 LIB.
703 120 771 179 Vll.
1010 114 1073 181 21³

113 272 182 337 Sed
195 270 290 331 variis
304 276 445 348 portenta
458 270 550 331 deum
563 270 730 331 terroribus
744 271 876 333 obstant.

111 358 234 417 Laurus
250 362 315 415 erat
326 356 397 415 tecti
411 355 523 426 medio,
539 356 570 413 in
585 354 793 430 penetralibus
808 354 887 427 altis,

113 440 214 502 Sacra
228 455 355 515 comam,
369 440 544 513 multosque
557 446 640 499 metu
655 446 778 499 servate
791 455 847 514 per
861 455 968 511 annos,
1039 446 1074 501 60

114 526 215 601 Quam
228 530 316 600 pater
328 524 491 595 inventam,
506 521 621 598 primas
637 539 730 597 quum
744 524 891 583 conderet
904 538 1000 596 arces,

113 610 190 685 lpse
204 607 357 668 serebatur
368 607 494 667 Phoebo
503 622 652 666 sacrasse
663 606 799 681 Latione,

113 692 347 767 Laurentesque
361 691 400 751 ab
415 707 453 750 ea
465 706 577 751 nornen
591 691 738 767 posuisse
752 691 883 751 colonis.

114 776 214 837 Huius
229 792 305 852 apes
320 792 470 836 summurn
484 776 624 835 densae·
635 774 772 834 mirabile
783 775 909 835 dictut-

117 860 256 921 Stridore
271 860 384 935 ingenti
398 859 547 934 liquidum
559 865 643 918 trans
658 859 782 919 aethera
795 864 911 939 vectae,
1040 866 1074 920 65

117 942 275 1005 Obsedere
289 945 417 1020 apicem,
433 949 471 1017 et,
486 942 617 1018 pedibus
631 958 688 1018 per
701 950 805 1003 mutua
818 944 917 1019 nexis,

115 1028 253 1090 Examen
268 1028 402 1089 subitum
415 1044 502 1086 ramo
518 1026 679 1087 frondente
693 1026 849 1104 pependit

118 1113 266 1173 Continuo
280 1120 368 1173 vates
382 1113 568 1187 „Externum
583 1112 755 1171 cernimus“
769 1112 867 1187 inquit

117 1199 313 1273 „Adventare
330 1197 434 1268 virum,
452 1202 482 1255 et
496 1202 599 1270 partes
614 1202 719 1270 petere
733 1211 843 1270 agmen
857 1196 983 1257 casdem

117 1281 275 1357 „Panibus
290 1296 330 1339 ex
343 1279 451 1352 isdem,
467 1286 498 1338 et
511 1295 630 1338 summa
645 1279 829 1338 dominarier
843 1285 943 1341 arce.“
1039 1284 1075 1341 io

115 1364 288 1435 Praeterea,
303 1364 397 1423 castis
412 1363 516 1422 adolet
529 1363 602 1421 dum
616 1362 722 1422 altana
735 1363 845 1437 taedis,

116 1450 158 1511 Ut
171 1450 255 1507 iuxta
268 1440 436 1521 genitorem
450 1447 552 1505 adstat
564 1446 691 1505 Lavinia
703 1447 802 1520 virgo,

116 1532 197 1591 Visa
207 1564 219 1572 -
229 1533 333 1590 nefas!
349 1562 362 1571 -
378 1529 479 1604 longis
496 1530 717 1603 comprendere
731 1529 865 1591 crinibus
880 1530 990 1605 ignem,

117 1617 222 1691 Atque
238 1629 358 1673 omnem
373 1620 511 1672 omatum
525 1611 649 1671 flamma
663 1614 830 1688 crepitante
843 1613 980 1689 cremari,

116 1699 312 1774 Regalesque
326 1712 460 1757 accensa
474 1712 588 1769 comas,
604 1712 737 1756 accensa
750 1710 904 1772 coronam,
1040 1703 1074 1759 75
1136 1752 1140 1777 ,

115 1783 272 1858 insignem
286 1782 431 1856 gemmis;
451 1787 515 1841 tum
528 1781 644 1842 fumida
658 1781 770 1840 lunrine
785 1782 869 1841 fulvo

114 1867 246 1941 involvi,
261 1882 299 1925 ac
312 1866 383 1926 totis
397 1866 570 1925 Vulcanum
584 1879 732 1941 spargere
744 1865 843 1925 tectis.

114 1952 153 2012 ld
167 1966 241 2011 vero
257 1950 442 2011 horrendum
458 1966 494 2011 ac
509 1950 578 2011 visu
592 1949 730 2010 mirabile
743 1950 829 2009 terris

115 2036 255 2110 Namque
269 2036 335 2094 lore
350 2035 496 2094 illustrem
512 2036 593 2094 lama
607 2034 740 2110 latisque
754 2033 904 2095 canebant

115 2120 229 2195 Ipsam,
245 2120 302 2179 sed
316 2119 431 2194 populo
446 2135 590 2193 magnum
603 2119 787 2193 portendere
800 2118 923 2178 bellum.
1039 2124 1076 2179 so

115 2205 159 2263 At
171 2218 227 2261 rex
242 2202 389 2262 sollicitus
404 2203 558 2275 monstris,
574 2203 700 2262 oracula
712 2201 818 2278 Fauni,

117 2285 246 2345 Fatidici
260 2286 415 2361 genitoris,
431 2287 502 2362 adit,
517 2288 667 2361 lucosque
682 2285 740 2347 sub
755 2287 817 2346 alta

117 2368 256 2429 Consulit
268 2369 417 2444 Albunea,
431 2387 591 2431 nemorum
606 2385 686 2445 quae
699 2371 832 2429 maxima
846 2386 936 2431 sacro

116 2452 215 2513 Fonte
230 2458 327 2527 sonat,
343 2468 529 2528 saevamque
544 2455 667 2514 exhalat
681 2469 780 2530 opaca
794 2455 950 2530 mephitim

115 2537 195 2597 Hinc
209 2536 303 2596 Italae
316 2543 423 2610 gentes
439 2538 599 2613 omnisque
614 2539 758 2599 Oenotria
770 2540 860 2600 tellus
1038 2547 1074 2601 85

114 2622 151 2682 In
167 2620 267 2685 dubiis
282 2635 435 2696 responsa
448 2628 562 2696 petunt.
596 2623 663 2681 Huc
677 2624 760 2683 dona
774 2625 921 2683 sacerdos

115 2706 214 2781 Quum
229 2705 303 2777 tulit,
320 2711 350 2763 et
364 2719 522 2764 caesarum
537 2707 639 2767 ovium
654 2706 711 2765 sub
726 2715 815 2768 nocte
830 2707 930 2767 silenti

112 2789 249 2849 Pellibus
264 2788 400 2849 incubuit
414 2789 526 2863 stratis,
542 2805 731 2865 somnosque
745 2791 866 2865 petivit3

114 2872 211 2933 Multa
225 2873 326 2933 modis
341 2873 505 2933 simulacra
517 2875 603 2934 videt
615 2874 774 2934 volitantia
787 2873 881 2947 miris,

114 2955 154 3018 Et
167 2957 269 3017 varias
283 2957 369 3016 audit
381 2972 487 3031 voces,
502 2958 671 3031 fruiturque
686 2959 814 3017 deorum
1038 2960 1074 3019 90

117 3040 288 3115 Colloquio,
304 3047 395 3115 atque
410 3041 478 3100 imis
492 3032 669 3100 Acheronta
682 3039 791 3101 affatur
804 3037 947 3099 Avernis.

113 3123 173 3199 Hic
188 3130 218 3183 et
232 3130 302 3183 tunc
316 3131 404 3199 patcr
416 3125 484 3201 ipse
499 3132 608 3200 petens
623 3139 778 3199 responsa
790 3123 915 3183 Latinus

116 3208 243 3269 Centum
257 3208 410 3282 lanigeras
423 3208 576 3269 mactabat
588 3209 644 3269 rite
658 3208 808 3280 bidentes,

114 3293 218 3366 Atque
231 3292 339 3352 harum
353 3291 476 3353 effultus
491 3301 577 3367 tergo
593 3293 760 3383 strqtisque
773 3288 903 3351 iacebat

114 3375 304 3438 Velleribuss
324 3375 423 3435 subita
439 3378 555 3439 exalto
570 3378 871 3441 voxredditulueo
888 3379 959 3433 esta
1050 3390 1059 3403 ·
1076 3368 1121 3419 Ψ)
