2326 3780
358 110 579 171 GEORGICON
599 110 672 172 LIB.
687 114 711 172 I.

56 267 121 326 Has
135 266 214 326 inter
227 266 423 342 mediamque
438 265 518 327 duae
532 263 712 325 mortalibus
728 267 830 345 aegris

56 351 184 410 Munere
200 366 369 411 concessae
384 349 499 424 divum,
514 356 544 409 et
557 350 609 408 via
624 356 710 409 seete
723 366 781 426 per
794 351 911 425 ambas,

58 435 207 510 Obliquus
222 452 284 510 qua
297 450 332 496 se
346 435 504 511 signomm
516 439 649 494 verteret
664 434 753 496 ordo.

56 519 191 578 Mundus
206 527 238 578 ut
252 521 292 579 ad
306 519 464 595 Scythiam
477 518 697 594 Rhipaeasque
711 519 828 581 arduus
841 534 930 581 arces
962 527 1018 586 rto

58 604 230 678 Consurgit,
247 605 393 679 premitur
405 602 523 679 Libyae
538 602 678 663 devexus
693 602 724 662 in
737 604 882 665 Ausees.

57 688 114 746 Hic
130 694 235 747 vertex
249 687 339 749 nobis
354 702 478 763 semper
492 686 646 758 sublimis;
669 687 797 749 atillam

58 771 121 831 Sub
136 771 267 847 pedibus
284 772 361 849 Styx
375 778 441 832 atra
453 771 539 830 videt
551 771 722 847 Manesque
740 772 896 847 profundi.

56 855 208 916 Maximus
222 856 272 916 hic
286 856 371 917 flexu
384 857 512 918 sinuoso
528 855 657 917 elabitur
669 857 788 930 Anguis

57 940 176 1001 Circum
190 956 310 1017 perque
323 941 403 1001 duas
417 941 448 1000 in
462 955 578 1000 morem
592 939 727 1001 fluminis
742 941 864 1014 Arctoe,
962 946 1016 1003 mo

55 1029 167 1084 Arctos
183 1024 296 1085 Oceani
310 1031 479 1087 metuentes
495 1040 630 1101 aequore
644 1025 755 1100 tingai3
858 1052 861 1057 ·
892 1068 896 1075 .

55 1109 128 1182 illic,
144 1109 361 1184 ut'perhibent,
377 1118 429 1170 aut
443 1110 626 1185 intempesta
641 1110 711 1170 silet
724 1124 796 1183 nox,

55 1191 187 1267 Semper
200 1189 369 1254 ct'obtenta
384 1194 552 1254 densantur
565 1201 655 1254 noete
669 1193 823 1267 tenebrae,

18 1339 20 1344 ,
55 1279 118 1336 Aut
131 1277 211 1335 redit
225 1293 244 1335 a
258 1276 347 1338 nobis
362 1280 483 1339 Aurora
497 1279 640 1353 diemque
653 1278 780 1350 reducit,

56 1359 185 1433 Nosque
198 1359 252 1417 ubi
267 1360 382 1434 primus
398 1360 486 1436 equis
502 1360 610 1420 Oriens
626 1359 743 1420 afflavit
756 1359 883 1433 anhelis,
963 1369 1016 1424 tall

58 1440 123 1499 illie
138 1456 209 1501 sere
221 1442 334 1502 rubens
349 1442 489 1502 accendit
502 1444 615 1502 lumina
627 1445 759 1518 Vesper.

57 1523 137 1583 Hinc
151 1530 349 1599 tempestates
365 1525 459 1586 dubio
474 1527 671 1601 praediscere
687 1530 774 1586 coelo

57 1608 237 1684 Possumus,
252 1610 323 1669 hinc
338 1609 514 1695 messisque
527 1608 610 1669 diem
623 1617 808 1685 tempusque
823 1612 953 1685 serendi,

56 1694 96 1753 Et
111 1694 234 1768 quando
250 1693 377 1753 infidum
392 1694 485 1754 remis
499 1694 657 1769 impellere
671 1708 804 1753 marmor

58 1777 235 1852 Conveniat,
252 1778 375 1853 quando
391 1786 523 1839 minutas
539 1778 694 1839 deducere
709 1779 838 1855 classes,
958 1786 1015 1840 aaa

56 1863 119 1922 Aut
133 1863 346 1937 tempestivam
362 1863 449 1924 silvis
465 1869 603 1923 evertere
615 1862 731 1938 pinum.

100 1945 162 2005 Nee
177 1947 288 2006 trustra
303 1947 459 2022 signorum
474 1947 575 2008 obitus
590 1949 788 2023 speeulomur
800 1955 831 2009 et
845 1952 938 2023 ortus,

55 2030 320 2106 Temporibusque
333 2047 440 2107 parem
456 2032 588 2092 diversis
605 2039 737 2107 quatuor
751 2048 874 2094 annum.

56 2113 198 2189 Frigidus
213 2117 379 2190 agricolam
393 2117 421 2176 si
436 2117 560 2192 quando
576 2117 710 2178 continet
723 2114 832 2190 imber3

56 2197 160 2272 Multa,
175 2199 275 2259 forent
290 2215 369 2276 quae
382 2216 456 2260 mox
471 2203 558 2262 coelo
574 2201 770 2277 properanda
784 2216 904 2277 sereno,
961 2208 1014 2263 att

55 2282 209 2342 Maturare
225 2283 322 2345 datur.
357 2284 472 2345 Durum
486 2285 628 2360 procudit
642 2293 744 2346 araim

55 2366 200 2426 vomeris
216 2366 316 2428 obtusi
331 2366 462 2445 dentem,
478 2376 566 2429 cavet
580 2368 690 2429 arbore
703 2369 817 2444 lintres,

55 2451 120 2510 Aut
132 2450 238 2525 pecori
254 2451 373 2526 signum
387 2460 438 2513 aut
450 2468 595 2515 numeros
611 2453 766 2529 impressit
778 2454 908 2515 acervis.
977 2446 982 2459 “

55 2534 219 2595 Exacuunt
233 2535 283 2595 alii
298 2536 397 2596 vallos
411 2536 577 2613 furcasque
591 2537 743 2613 bloomes,

56 2619 159 2692 Atque
174 2619 320 2678 Amerina
333 2625 442 2695 parant
454 2623 554 2682 lentae
568 2623 735 2683 retinacula
743 2622 808 2683 viti.
960 2626 1012 2683 265

56 2702 144 2761 Nunc
158 2703 262 2763 facilis
270 2703 366 2764 rubea
379 2711 499 2766 texatur
511 2706 621 2767 fiscina
634 2707 735 2783 virga3

56 2785 145 2860 Nunc
158 2793 271 2848 torrete
284 2788 346 2863 igni
362 2789 474 2864 trugas,
489 2805 570 2850 nunc
585 2790 713 2866 frangite
727 2804 816 2852 saxo.

58 2869 179 2945 Quippe
194 2873 284 2932 etiam
298 2872 385 2933 lestis
401 2873 552 2947 quaedam
568 2880 712 2935 exercere
725 2875 835 2936 diebus

56 2954 118 3013 Fas
134 2961 163 3014 et
177 2955 243 3017 iura
257 2957 367 3017 sinunt.
402 2957 499 3019 Rivos
515 2959 669 3019 deducere
682 2960 765 3019 nulla

54 3038 177 3114 Religio
191 3041 296 3117 vetuit,
311 3041 407 3117 segeti
422 3043 624 3117 praetendere
638 3058 753 3119 sepem,
960 3050 1012 3106 tle

56 3123 189 3184 Insidias
204 3123 313 3186 avibus
327 3127 435 3199 moliri,
451 3126 619 3209 incendere¹
629 3142 751 3204 vepres,

53 3207 278 3283 Balantumque
292 3224 415 3285 gregem
430 3209 525 3272 fluvio
539 3226 675 3272 mersare
690 3210 813 3273 salubri.

55 3291 160 3367 Saepe
175 3294 243 3354 oleo
257 3292 337 3353 tardi
352 3300 455 3356 costes
470 3297 601 3372 agitator
615 3296 702 3356 aselli

53 3375 177 3436 Vilibus
193 3382 245 3437 aut
259 3384 366 3439 onerat
379 3380 488 3454 pomis,
503 3380 698 3456 lapidemque
711 3388 874 3444 revertens

100 3476 265 3520 vincimus.
799 3476 820 3533 a
