2326 3780
159 178 202 244 60
428 177 461 237 P.
482 176 644 239 VlRGILll
665 176 840 239 MARONIS

161 333 267 408 Sitque
281 330 429 391 laboranti
444 330 567 401 simills;
589 336 652 389 tum
668 330 808 391 cursibus
823 344 924 405 auras,

159 418 234 477 Tum
249 422 346 488 vocet,
362 430 398 475 ac
412 430 469 491 per
482 421 588 491 aperta
601 415 719 488 volans,
736 430 793 476 ceu
806 414 882 474 liber
895 414 1037 489 habenis

159 506 313 576 Aequora,
327 499 382 559 vix
395 514 513 560 summa
525 499 658 573 vestigia
670 505 765 574 ponat
779 514 888 559 arenas
1064 508 1109 563 195

161 584 269 659 Qualis
276 582 486 661 Hyperboreis
499 583 612 658 Aquila
628 597 721 658 quum
736 583 851 644 densus
866 582 905 643 ab
920 582 984 642 eris

158 669 304 742 Incubuit
321 666 527 745 Scythiaeque
540 667 657 727 hiemes
671 674 764 741 atque
777 668 864 727 arida
877 666 981 727 differt

160 752 284 815 Nubila:
305 758 369 812 tmn
383 758 505 827 segetes
519 752 599 811 altae
613 751 775 828 campique
788 758 927 812 natantes

159 837 292 897 Lenibus
307 836 488 897 horrescunt
501 834 616 911 flabris,
632 851 830 911 summaeque
844 850 989 897 sonorem

159 922 239 982 Dant
253 922 360 993 silvae,
375 920 521 995 longique
533 925 643 994 urgent
656 921 696 980 ad
710 921 799 980 litora
812 918 940 991 fluctus;
1064 928 1111 982 2⁰0

160 1007 215 1065 llle
228 1006 319 1079 volat,
335 1004 425 1065 simul
439 1020 514 1063 arva
527 1004 609 1079 luga,
624 1004 714 1064 simul
729 1019 866 1081 aequora
878 1018 1019 1065 verrens.

160 1090 217 1149 Hic
230 1090 280 1148 vel
295 1088 335 1148 ad
348 1088 413 1147 Elei
427 1094 524 1147 metas
539 1093 569 1147 et
583 1088 716 1147 maxima
730 1089 829 1164 campi

162 1172 289 1233 Sudabit
303 1172 402 1248 spatia
416 1178 446 1231 et
460 1187 585 1247 spumas
600 1178 670 1247 aget
685 1188 738 1232 ore
753 1179 902 1246 ementes,

160 1257 284 1331 Belgica
297 1256 347 1314 vel
362 1256 445 1315 molli
459 1255 567 1315 melius
583 1256 658 1316 feret
672 1258 786 1317 esseda
801 1257 890 1317 collo.

161 1341 236 1401 Tum
251 1340 372 1399 demum
387 1354 493 1399 crassa
507 1356 650 1417 magnum
664 1340 816 1416 farragine
829 1354 944 1415 carpus
1064 1348 1111 1401 205

162 1425 315 1497 Crescere,
331 1425 391 1484 iarn
407 1424 538 1498 domitis,
554 1424 661 1485 sinito:
683 1440 816 1499 namque
830 1430 900 1484 ante
914 1423 1100 1486 domandum

162 1509 303 1584 Ingentes
316 1510 422 1570 tollent
435 1510 562 1584 animos,
576 1510 742 1585 prensique
755 1507 910 1584 negabunt

162 1593 298 1653 Verbera
312 1595 393 1654 lenta
407 1593 470 1669 pati
485 1601 515 1654 et
528 1593 612 1654 duris
626 1608 736 1671 parere
749 1593 871 1669 lupatis.

205 1676 268 1737 Sed
283 1694 344 1738 nun
358 1679 421 1739 ulla
433 1679 530 1754 magis
542 1678 624 1739 vires
638 1677 787 1738 industria
800 1676 907 1750 firmat,

164 1761 258 1835 Quam
271 1763 423 1822 Venerem
437 1770 467 1822 et
481 1762 566 1822 caeci
581 1762 720 1823 stimulos
735 1769 874 1821 avertere
888 1758 1012 1835 amoris,
1065 1768 1116 1822 titt

164 1845 236 1905 Sive
249 1846 343 1907 bourn
359 1847 425 1908 sive
439 1854 486 1906 est
500 1848 548 1906 cui
562 1847 676 1922 gratior
688 1862 765 1906 usus
781 1860 939 1921 equorum.

165 1932 264 2005 Atque
278 1932 349 1991 idco
363 1939 469 1991 tauros
484 1931 592 2006 procul
606 1936 699 2005 atque
713 1931 744 1989 in
758 1931 826 1989 sola
839 1930 977 2005 relegant

161 2013 280 2075 Pascua
293 2020 365 2090 post
378 2018 512 2073 montem
526 2014 702 2089 oppositum
716 2021 746 2073 et
759 2020 844 2074 trans
858 2012 986 2073 ilumina
1000 2012 1070 2087 lala,

161 2100 223 2158 Aut
237 2099 316 2158 intus
332 2098 455 2157 clausas
471 2102 574 2157 satura
587 2096 628 2157 ad
641 2098 804 2174 praesepia
818 2104 952 2157 servant

79 2238 85 2251 ,
163 2181 265 2256 Carpit
280 2182 360 2241 enim
373 2181 457 2240 vires
471 2180 627 2257 paullatim
640 2183 761 2258 uritque
776 2180 911 2241 videndo
1065 2189 1116 2243 alb

160 2264 294 2338 Femina,
310 2280 367 2325 nec
381 2279 539 2325 nemorum
553 2265 665 2340 patitur
676 2266 853 2326 meminisse
866 2279 924 2325 nec
938 2264 1055 2327 herbae

160 2347 307 2409 Dulcibus
321 2349 373 2408 illa
387 2349 511 2424 quidem
525 2348 677 2410 illecebris
691 2357 722 2410 et
736 2365 831 2427 saepe
845 2348 999 2425 superbos

163 2431 312 2493 cornibus
327 2434 404 2493 inter
418 2449 453 2494 se
467 2432 579 2510 subigit
593 2434 758 2494 decernere
772 2441 918 2494 amantes.

161 2516 298 2577 Pascitur
312 2518 343 2576 in
357 2534 467 2593 magna
481 2517 545 2578 Sila
559 2518 696 2577 formosa
709 2519 852 2579 iuvencas

162 2601 208 2660 Illi
223 2602 406 2662 alternantes
420 2604 513 2662 multa
526 2603 558 2661 vi
574 2602 691 2677 proelia
703 2602 833 2662 miscent
1065 2610 1116 2665 xio

161 2684 346 2745 Vulneribus
362 2684 493 2758 crebris;
515 2686 590 2746 lavit
604 2693 670 2745 ater
683 2702 815 2762 corpora
830 2685 964 2761 sanguis,

161 2770 324 2843 Versaque
338 2768 368 2828 in
384 2768 516 2830 obnixos
528 2777 674 2845 urgentur
687 2786 804 2831 cornua
818 2776 906 2831 vasto

162 2853 236 2913 Curn
250 2852 377 2928 gemitu3
399 2852 527 2915 reboant
542 2854 701 2929 silvaeque
716 2863 745 2915 et
758 2856 869 2930 langue
885 2853 1045 2930 Olympus.

161 2936 224 2998 Nec
237 2950 306 2998 mes
319 2937 468 2998 bellantes
482 2952 544 2998 una
558 2937 726 3010 stabulare3
750 2939 807 2999 sed
822 2940 897 2998 alter

160 3020 269 3085 Victus
282 3021 353 3097 abit,
369 3023 522 3098 longeque
537 3021 647 3098 ignatis
663 3025 783 3083 exsulat
796 3024 869 3096 uris,
1065 3032 1116 3086 225

160 3104 256 3167 Mtrlta
268 3122 394 3183 gemens
408 3106 604 3182 ignominiam
618 3108 789 3184 plagasque
804 3105 929 3183 superbi

160 3190 391 3263 Victoriarum,
407 3206 486 3267 quus
501 3191 601 3251 amisit
614 3192 734 3265 inultus,
751 3207 881 3263 amores,

160 3272 199 3333 Et
212 3273 332 3335 stabula
345 3276 530 3352 adspectans
544 3276 647 3351 regnis
663 3277 796 3336 excessit
811 3275 910 3336 avitis.

160 3354 241 3433 Ergo
257 3361 339 3419 omni
353 3374 428 3420 cura
441 3360 523 3420 vires
539 3368 661 3420 exercet
675 3367 705 3421 et
719 3360 797 3420 inter

162 3438 245 3503 Dura
258 3443 337 3503 iacet
352 3446 459 3519 pernix
474 3446 599 3505 instrato
615 3460 692 3505 saxa
706 3444 805 3519 cubili,
