<?xml version="1.0" encoding="UTF-8"?>
<!DOCTYPE html PUBLIC "-//W3C//DTD XHTML 1.0 Transitional//EN"
    "http://www.w3.org/TR/xhtml1/DTD/xhtml1-transitional.dtd">
<html xmlns="http://www.w3.org/1999/xhtml" xml:lang="en" lang="en">
 <head>
  <title>
</title>
<meta http-equiv="Content-Type" content="text/html;charset=utf-8" />
  <meta name='ocr-system' content='tesseract 3.04.00' />
  <meta name='ocr-capabilities' content='ocr_page ocr_carea ocr_par ocr_line ocrx_word'/>
</head>
<body>
  <div class='ocr_page' id='page_1' title='image "./pvirgiliimaroni11virggoog/pvirgiliimaroni11virggoog_0631.png"; bbox 0 0 2326 3780; ppageno 0'>
   <div class='ocr_carea' id='block_1_1' title="bbox 96 220 814 293">
    <p class='ocr_par' dir='ltr' id='par_1_1' title="bbox 96 220 814 293">
     <span class='ocr_line' id='line_1_1' title="bbox 96 220 814 293; baseline -0.014 1"><span class='ocrx_word' id='word_1_1' title='bbox 96 227 159 293; x_wconf 76' lang='lat'><strong>278</strong></span> <span class='ocrx_word' id='word_1_2' title='bbox 370 221 402 281; x_wconf 91' lang='lat' dir='ltr'><strong>P.</strong></span> <span class='ocrx_word' id='word_1_3' title='bbox 422 220 587 281; x_wconf 83' lang='lat' dir='ltr'><strong>VlRGlLll</strong></span> <span class='ocrx_word' id='word_1_4' title='bbox 609 222 814 285; x_wconf 82' lang='lat' dir='ltr'><strong>MARONIS</strong></span> 
     </span>
    </p>
   </div>
   <div class='ocr_carea' id='block_1_2' title="bbox 95 373 998 3565">
    <p class='ocr_par' dir='ltr' id='par_1_2' title="bbox 95 373 998 3565">
     <span class='ocr_line' id='line_1_2' title="bbox 95 373 860 454; baseline -0.007 -14"><span class='ocrx_word' id='word_1_5' title='bbox 95 384 306 454; x_wconf 84' lang='lat' dir='ltr'><strong>Exercentque</strong></span> <span class='ocrx_word' id='word_1_6' title='bbox 320 374 386 447; x_wconf 85' lang='lat' dir='ltr'><strong>viri,</strong></span> <span class='ocrx_word' id='word_1_7' title='bbox 401 373 608 448; x_wconf 80' lang='lat' dir='ltr'><strong>Pactolusque</strong></span> <span class='ocrx_word' id='word_1_8' title='bbox 624 374 748 451; x_wconf 80' lang='lat' dir='ltr'>irrigat</span> <span class='ocrx_word' id='word_1_9' title='bbox 764 392 860 438; x_wconf 88' lang='lat' dir='ltr'><strong>auro.</strong></span> 
     </span>
     <span class='ocr_line' id='line_1_3' title="bbox 95 458 924 535; baseline -0.007 -10"><span class='ocrx_word' id='word_1_10' title='bbox 95 464 201 525; x_wconf 82' lang='lat' dir='ltr'><strong>Adfuit</strong></span> <span class='ocrx_word' id='word_1_11' title='bbox 215 470 245 522; x_wconf 92' lang='lat' dir='ltr'><strong>et</strong></span> <span class='ocrx_word' id='word_1_12' title='bbox 258 458 443 532; x_wconf 81' lang='lat' dir='ltr'>Mnestheus,</span> <span class='ocrx_word' id='word_1_13' title='bbox 460 473 551 532; x_wconf 91' lang='lat' dir='ltr'><strong>quem</strong></span> <span class='ocrx_word' id='word_1_14' title='bbox 565 458 654 531; x_wconf 89' lang='lat' dir='ltr'><strong>pulsi</strong></span> <span class='ocrx_word' id='word_1_15' title='bbox 669 461 823 535; x_wconf 90' lang='lat' dir='ltr'><strong>pristina</strong></span> <span class='ocrx_word' id='word_1_16' title='bbox 835 460 924 521; x_wconf 90' lang='lat' dir='ltr'><strong>Turni</strong></span> 
     </span>
     <span class='ocr_line' id='line_1_4' title="bbox 96 541 802 623; baseline -0.006 -14"><span class='ocrx_word' id='word_1_17' title='bbox 96 554 218 623; x_wconf 85' lang='lat' dir='ltr'><strong>Aggere</strong></span> <span class='ocrx_word' id='word_1_18' title='bbox 232 559 387 605; x_wconf 91' lang='lat' dir='ltr'><strong>murorum</strong></span> <span class='ocrx_word' id='word_1_19' title='bbox 401 541 560 602; x_wconf 85' lang='lat' dir='ltr'><strong>sublimem</strong></span> <span class='ocrx_word' id='word_1_20' title='bbox 574 542 684 616; x_wconf 87' lang='lat' dir='ltr'><strong>gloria</strong></span> <span class='ocrx_word' id='word_1_21' title='bbox 700 545 802 617; x_wconf 88' lang='lat' dir='ltr'><strong>tollit,</strong></span> 
     </span>
     <span class='ocr_line' id='line_1_5' title="bbox 96 625 998 707; baseline -0.008 -13"><span class='ocrx_word' id='word_1_22' title='bbox 96 634 134 694; x_wconf 86' lang='lat' dir='ltr'><strong>Et</strong></span> <span class='ocrx_word' id='word_1_23' title='bbox 149 632 267 707; x_wconf 84' lang='lat' dir='ltr'><strong>Capys:</strong></span> <span class='ocrx_word' id='word_1_24' title='bbox 288 629 359 688; x_wconf 91' lang='lat' dir='ltr'><strong>hinc</strong></span> <span class='ocrx_word' id='word_1_25' title='bbox 373 642 484 686; x_wconf 91' lang='lat' dir='ltr'><strong>nomen</strong></span> <span class='ocrx_word' id='word_1_26' title='bbox 499 625 683 699; x_wconf 79' lang='lat' dir='ltr'><strong>Campanae</strong></span> <span class='ocrx_word' id='word_1_27' title='bbox 701 629 842 691; x_wconf 84' lang='lat' dir='ltr'><strong>ducitur</strong></span> <span class='ocrx_word' id='word_1_28' title='bbox 857 628 930 690; x_wconf 88' lang='lat' dir='ltr'><strong>urbi.</strong></span> <span class='ocrx_word' id='word_1_29' title='bbox 990 628 998 677; x_wconf 85' lang='lat' dir='ltr'><strong>l</strong></span> 
     </span>
     <span class='ocr_line' id='line_1_6' title="bbox 139 709 725 776; baseline -0.005 -2"><span class='ocrx_word' id='word_1_30' title='bbox 139 716 184 776; x_wconf 91' lang='lat' dir='ltr'><strong>llli</strong></span> <span class='ocrx_word' id='word_1_31' title='bbox 198 716 275 776; x_wconf 88' lang='lat' dir='ltr'><strong>inter</strong></span> <span class='ocrx_word' id='word_1_32' title='bbox 290 727 361 773; x_wconf 89' lang='lat' dir='ltr'><strong>sese</strong></span> <span class='ocrx_word' id='word_1_33' title='bbox 375 711 442 770; x_wconf 94' lang='lat' dir='ltr'><strong>duri</strong></span> <span class='ocrx_word' id='word_1_34' title='bbox 457 709 624 769; x_wconf 84' lang='lat' dir='ltr'><strong>certamina</strong></span> <span class='ocrx_word' id='word_1_35' title='bbox 640 710 725 772; x_wconf 90' lang='lat' dir='ltr'><strong>belli</strong></span> 
     </span>
     <span class='ocr_line' id='line_1_7' title="bbox 99 794 935 867; baseline -0.006 -6"><span class='ocrx_word' id='word_1_36' title='bbox 99 801 306 867; x_wconf 78' lang='lat' dir='ltr'><strong>contulerant3</strong></span> <span class='ocrx_word' id='word_1_37' title='bbox 328 795 430 855; x_wconf 89' lang='lat' dir='ltr'><strong>media</strong></span> <span class='ocrx_word' id='word_1_38' title='bbox 443 796 564 853; x_wconf 85' lang='lat' dir='ltr'><strong>Aeneas</strong></span> <span class='ocrx_word' id='word_1_39' title='bbox 580 794 664 853; x_wconf 86' lang='lat' dir='ltr'><strong>freta</strong></span> <span class='ocrx_word' id='word_1_40' title='bbox 676 805 784 858; x_wconf 90' lang='lat' dir='ltr'><strong>noete</strong></span> <span class='ocrx_word' id='word_1_41' title='bbox 797 797 935 859; x_wconf 81' lang='lat' dir='ltr'><strong>secabat.</strong></span> 
     </span>
     <span class='ocr_line' id='line_1_8' title="bbox 97 877 972 959; baseline -0.007 -14"><span class='ocrx_word' id='word_1_42' title='bbox 97 886 235 959; x_wconf 83' lang='lat' dir='ltr'><strong>Namque</strong></span> <span class='ocrx_word' id='word_1_43' title='bbox 249 889 281 941; x_wconf 88' lang='lat' dir='ltr'><strong>ul</strong></span> <span class='ocrx_word' id='word_1_44' title='bbox 295 880 333 941; x_wconf 89' lang='lat' dir='ltr'><strong>ab</strong></span> <span class='ocrx_word' id='word_1_45' title='bbox 348 879 491 940; x_wconf 86' lang='lat' dir='ltr'><strong>Evandro</strong></span> <span class='ocrx_word' id='word_1_46' title='bbox 507 877 616 937; x_wconf 88' lang='lat' dir='ltr'><strong>castris</strong></span> <span class='ocrx_word' id='word_1_47' title='bbox 632 879 819 955; x_wconf 84' lang='lat' dir='ltr'><strong>ingressus</strong></span> <span class='ocrx_word' id='word_1_48' title='bbox 834 881 972 943; x_wconf 81' lang='lat' dir='ltr'><strong>Etruscis:</strong></span> 
     </span>
     <span class='ocr_line' id='line_1_9' title="bbox 98 963 967 1043; baseline -0.002 -15"><span class='ocrx_word' id='word_1_49' title='bbox 98 970 214 1043; x_wconf 81' lang='lat' dir='ltr'><strong>Regem</strong></span> <span class='ocrx_word' id='word_1_50' title='bbox 228 967 291 1026; x_wconf 88' lang='lat' dir='ltr'><strong>adit</strong></span> <span class='ocrx_word' id='word_1_51' title='bbox 305 971 334 1024; x_wconf 90' lang='lat' dir='ltr'><strong>et</strong></span> <span class='ocrx_word' id='word_1_52' title='bbox 348 963 413 1037; x_wconf 83' lang='lat' dir='ltr'><strong>regi</strong></span> <span class='ocrx_word' id='word_1_53' title='bbox 427 969 572 1022; x_wconf 88' lang='lat' dir='ltr'><strong>memorat</strong></span> <span class='ocrx_word' id='word_1_54' title='bbox 585 977 787 1040; x_wconf 84' lang='lat' dir='ltr'><strong>nomenque</strong></span> <span class='ocrx_word' id='word_1_55' title='bbox 803 980 967 1043; x_wconf 87' lang='lat' dir='ltr'><strong>genusque.</strong></span> 
     </span>
     <span class='ocr_line' id='line_1_10' title="bbox 100 1045 950 1127; baseline 0 -16"><span class='ocrx_word' id='word_1_56' title='bbox 100 1053 216 1127; x_wconf 80' lang='lat' dir='ltr'><strong>Quidve</strong></span> <span class='ocrx_word' id='word_1_57' title='bbox 232 1056 314 1125; x_wconf 90' lang='lat' dir='ltr'><strong>petat</strong></span> <span class='ocrx_word' id='word_1_58' title='bbox 328 1047 441 1121; x_wconf 90' lang='lat' dir='ltr'><strong>quidve</strong></span> <span class='ocrx_word' id='word_1_59' title='bbox 456 1048 523 1122; x_wconf 86' lang='lat' dir='ltr'><strong>ipse</strong></span> <span class='ocrx_word' id='word_1_60' title='bbox 537 1045 631 1116; x_wconf 86' lang='lat' dir='ltr'><strong>lerat;</strong></span> <span class='ocrx_word' id='word_1_61' title='bbox 656 1047 854 1113; x_wconf 88' lang='lat' dir='ltr'><strong>Mezentius</strong></span> <span class='ocrx_word' id='word_1_62' title='bbox 871 1067 950 1111; x_wconf 88' lang='lat' dir='ltr'><strong>arma</strong></span> 
     </span>
     <span class='ocr_line' id='line_1_11' title="bbox 100 1131 908 1211; baseline 0.001 -16"><span class='ocrx_word' id='word_1_63' title='bbox 100 1137 183 1211; x_wconf 79' lang='lat' dir='ltr'><strong>Quae</strong></span> <span class='ocrx_word' id='word_1_64' title='bbox 197 1134 255 1194; x_wconf 91' lang='lat' dir='ltr'><strong>sibi</strong></span> <span class='ocrx_word' id='word_1_65' title='bbox 270 1132 419 1203; x_wconf 77' lang='lat' dir='ltr'><strong>conciliet,</strong></span> <span class='ocrx_word' id='word_1_66' title='bbox 434 1131 629 1204; x_wconf 89' lang='lat' dir='ltr'><strong>violentaque</strong></span> <span class='ocrx_word' id='word_1_67' title='bbox 645 1142 795 1206; x_wconf 79' lang='lat' dir='ltr'><strong>pectora</strong></span> <span class='ocrx_word' id='word_1_68' title='bbox 810 1136 908 1197; x_wconf 90' lang='lat' dir='ltr'><strong>Turni</strong></span> 
     </span>
     <span class='ocr_line' id='line_1_12' title="bbox 99 1214 801 1289; baseline -0.001 -10"><span class='ocrx_word' id='word_1_69' title='bbox 99 1220 232 1287; x_wconf 85' lang='lat' dir='ltr'><strong>Edocel;</strong></span> <span class='ocrx_word' id='word_1_70' title='bbox 254 1215 393 1275; x_wconf 91' lang='lat' dir='ltr'><strong>humanis</strong></span> <span class='ocrx_word' id='word_1_71' title='bbox 410 1231 489 1289; x_wconf 91' lang='lat' dir='ltr'><strong>quae</strong></span> <span class='ocrx_word' id='word_1_72' title='bbox 504 1215 543 1274; x_wconf 91' lang='lat' dir='ltr'><strong>sit</strong></span> <span class='ocrx_word' id='word_1_73' title='bbox 556 1214 676 1274; x_wconf 85' lang='lat' dir='ltr'><strong>fiducia</strong></span> <span class='ocrx_word' id='word_1_74' title='bbox 690 1218 801 1279; x_wconf 91' lang='lat' dir='ltr'><strong>rebus</strong></span> 
     </span>
     <span class='ocr_line' id='line_1_13' title="bbox 100 1299 998 1374; baseline -0.003 -12"><span class='ocrx_word' id='word_1_75' title='bbox 100 1303 254 1362; x_wconf 90' lang='lat' dir='ltr'><strong>Admonet</strong></span> <span class='ocrx_word' id='word_1_76' title='bbox 268 1300 476 1374; x_wconf 88' lang='lat' dir='ltr'><strong>immiscetque</strong></span> <span class='ocrx_word' id='word_1_77' title='bbox 491 1313 610 1374; x_wconf 92' lang='lat' dir='ltr'><strong>preces.</strong></span> <span class='ocrx_word' id='word_1_78' title='bbox 647 1299 752 1361; x_wconf 90' lang='lat' dir='ltr'><strong>Haud</strong></span> <span class='ocrx_word' id='word_1_79' title='bbox 770 1305 811 1364; x_wconf 90' lang='lat' dir='ltr'><strong>lit</strong></span> <span class='ocrx_word' id='word_1_80' title='bbox 825 1321 930 1365; x_wconf 86' lang='lat' dir='ltr'><strong>mora:</strong></span> <span class='ocrx_word' id='word_1_81' title='bbox 948 1302 998 1361; x_wconf 82' lang='lat' dir='ltr'><strong>&#39;lun</strong></span> 
     </span>
     <span class='ocr_line' id='line_1_14' title="bbox 100 1382 882 1460; baseline 0.005 -15"><span class='ocrx_word' id='word_1_82' title='bbox 100 1387 199 1459; x_wconf 91' lang='lat' dir='ltr'><strong>lungit</strong></span> <span class='ocrx_word' id='word_1_83' title='bbox 212 1400 298 1460; x_wconf 91' lang='lat' dir='ltr'><strong>opes,</strong></span> <span class='ocrx_word' id='word_1_84' title='bbox 314 1383 487 1457; x_wconf 85' lang='lat' dir='ltr'><strong>foedusque</strong></span> <span class='ocrx_word' id='word_1_85' title='bbox 502 1382 585 1452; x_wconf 89' lang='lat' dir='ltr'><strong>lerit;</strong></span> <span class='ocrx_word' id='word_1_86' title='bbox 609 1389 677 1441; x_wconf 90' lang='lat' dir='ltr'><strong>lum</strong></span> <span class='ocrx_word' id='word_1_87' title='bbox 694 1385 808 1447; x_wconf 90' lang='lat' dir='ltr'><strong>libera</strong></span> <span class='ocrx_word' id='word_1_88' title='bbox 825 1390 882 1449; x_wconf 85' lang='lat' dir='ltr'><strong>lali</strong></span> 
     </span>
     <span class='ocr_line' id='line_1_15' title="bbox 102 1466 905 1549; baseline 0.006 -20"><span class='ocrx_word' id='word_1_89' title='bbox 102 1471 238 1530; x_wconf 88' lang='lat' dir='ltr'><strong>Classem</strong></span> <span class='ocrx_word' id='word_1_90' title='bbox 252 1468 432 1530; x_wconf 87' lang='lat' dir='ltr'><strong>conscendit</strong></span> <span class='ocrx_word' id='word_1_91' title='bbox 445 1467 538 1527; x_wconf 93' lang='lat' dir='ltr'><strong>iussis</strong></span> <span class='ocrx_word' id='word_1_92' title='bbox 551 1481 628 1541; x_wconf 85' lang='lat' dir='ltr'><strong>gens</strong></span> <span class='ocrx_word' id='word_1_93' title='bbox 642 1466 760 1543; x_wconf 83' lang='lat' dir='ltr'><strong>Lydia</strong></span> <span class='ocrx_word' id='word_1_94' title='bbox 778 1472 905 1549; x_wconf 79' lang='lat' dir='ltr'><strong>divum,</strong></span> 
     </span>
     <span class='ocr_line' id='line_1_16' title="bbox 100 1551 811 1629; baseline 0.004 -17"><span class='ocrx_word' id='word_1_95' title='bbox 100 1555 233 1613; x_wconf 88' lang='lat' dir='ltr'><strong>Externa</strong></span> <span class='ocrx_word' id='word_1_96' title='bbox 249 1552 413 1613; x_wconf 87' lang='lat' dir='ltr'><strong>commissa</strong></span> <span class='ocrx_word' id='word_1_97' title='bbox 427 1551 507 1611; x_wconf 91' lang='lat' dir='ltr'><strong>doci.</strong></span> <span class='ocrx_word' id='word_1_98' title='bbox 541 1552 661 1609; x_wconf 86' lang='lat' dir='ltr'><strong>Aeneia</strong></span> <span class='ocrx_word' id='word_1_99' title='bbox 678 1556 811 1629; x_wconf 84' lang='lat' dir='ltr'><strong>puppis</strong></span> 
     </span>
     <span class='ocr_line' id='line_1_17' title="bbox 101 1633 926 1711; baseline 0.005 -14"><span class='ocrx_word' id='word_1_100' title='bbox 101 1638 201 1697; x_wconf 89' lang='lat' dir='ltr'><strong>Prima</strong></span> <span class='ocrx_word' id='word_1_101' title='bbox 215 1644 304 1711; x_wconf 76' lang='lat' dir='ltr'><strong>tenet,</strong></span> <span class='ocrx_word' id='word_1_102' title='bbox 318 1643 418 1696; x_wconf 88' lang='lat' dir='ltr'><strong>rostro</strong></span> <span class='ocrx_word' id='word_1_103' title='bbox 433 1634 582 1711; x_wconf 85' lang='lat' dir='ltr'><strong>Phrygios</strong></span> <span class='ocrx_word' id='word_1_104' title='bbox 598 1633 776 1698; x_wconf 88' lang='lat' dir='ltr'><strong>subiuncta</strong></span> <span class='ocrx_word' id='word_1_105' title='bbox 792 1641 926 1710; x_wconf 83' lang='lat' dir='ltr'><strong>leones;</strong></span> 
     </span>
     <span class='ocr_line' id='line_1_18' title="bbox 102 1718 941 1796; baseline 0.001 -15"><span class='ocrx_word' id='word_1_106' title='bbox 102 1723 240 1781; x_wconf 91' lang='lat' dir='ltr'><strong>imminet</strong></span> <span class='ocrx_word' id='word_1_107' title='bbox 254 1721 308 1781; x_wconf 92' lang='lat' dir='ltr'><strong>lda</strong></span> <span class='ocrx_word' id='word_1_108' title='bbox 323 1736 424 1796; x_wconf 90' lang='lat' dir='ltr'><strong>super,</strong></span> <span class='ocrx_word' id='word_1_109' title='bbox 441 1719 577 1794; x_wconf 79' lang='lat' dir='ltr'><strong>profugis</strong></span> <span class='ocrx_word' id='word_1_110' title='bbox 592 1718 784 1793; x_wconf 88' lang='lat' dir='ltr'><strong>gratissima</strong></span> <span class='ocrx_word' id='word_1_111' title='bbox 799 1724 941 1786; x_wconf 87' lang='lat' dir='ltr'><strong>Teneris.</strong></span> 
     </span>
     <span class='ocr_line' id='line_1_19' title="bbox 102 1805 887 1881; baseline 0.006 -17"><span class='ocrx_word' id='word_1_112' title='bbox 102 1805 159 1865; x_wconf 85' lang='lat' dir='ltr'><strong>llic</strong></span> <span class='ocrx_word' id='word_1_113' title='bbox 173 1821 301 1881; x_wconf 85' lang='lat' dir='ltr'><strong>magnus</strong></span> <span class='ocrx_word' id='word_1_114' title='bbox 316 1806 404 1865; x_wconf 91' lang='lat' dir='ltr'><strong>sedet</strong></span> <span class='ocrx_word' id='word_1_115' title='bbox 417 1805 547 1877; x_wconf 81' lang='lat' dir='ltr'><strong>Aeneas,</strong></span> <span class='ocrx_word' id='word_1_116' title='bbox 563 1817 738 1877; x_wconf 90' lang='lat' dir='ltr'><strong>secumque</strong></span> <span class='ocrx_word' id='word_1_117' title='bbox 752 1809 887 1869; x_wconf 89' lang='lat' dir='ltr'><strong>volutat</strong></span> 
     </span>
     <span class='ocr_line' id='line_1_20' title="bbox 102 1887 797 1960; baseline 0.003 -11"><span class='ocrx_word' id='word_1_118' title='bbox 102 1890 239 1949; x_wconf 86' lang='lat' dir='ltr'><strong>Eventus</strong></span> <span class='ocrx_word' id='word_1_119' title='bbox 253 1890 324 1949; x_wconf 91' lang='lat' dir='ltr'><strong>belli</strong></span> <span class='ocrx_word' id='word_1_120' title='bbox 339 1889 457 1958; x_wconf 86' lang='lat' dir='ltr'><strong>varios;</strong></span> <span class='ocrx_word' id='word_1_121' title='bbox 479 1887 640 1960; x_wconf 88' lang='lat' dir='ltr'><strong>Pallasque</strong></span> <span class='ocrx_word' id='word_1_122' title='bbox 654 1887 797 1951; x_wconf 91' lang='lat' dir='ltr'><strong>sinistro</strong></span> 
     </span>
     <span class='ocr_line' id='line_1_21' title="bbox 103 1970 812 2048; baseline 0.003 -15"><span class='ocrx_word' id='word_1_123' title='bbox 103 1974 226 2033; x_wconf 85' lang='lat' dir='ltr'><strong>Allixus</strong></span> <span class='ocrx_word' id='word_1_124' title='bbox 242 1974 327 2033; x_wconf 88' lang='lat' dir='ltr'><strong>lateri</strong></span> <span class='ocrx_word' id='word_1_125' title='bbox 341 1973 401 2032; x_wconf 91' lang='lat' dir='ltr'><strong>iam</strong></span> <span class='ocrx_word' id='word_1_126' title='bbox 417 1972 535 2047; x_wconf 90' lang='lat' dir='ltr'><strong>quaerit</strong></span> <span class='ocrx_word' id='word_1_127' title='bbox 548 1970 658 2045; x_wconf 88' lang='lat' dir='ltr'><strong>sidero,</strong></span> <span class='ocrx_word' id='word_1_128' title='bbox 676 1988 812 2048; x_wconf 87' lang='lat' dir='ltr'><strong>opacae</strong></span> 
     </span>
     <span class='ocr_line' id='line_1_22' title="bbox 104 2057 929 2135; baseline 0.001 -19"><span class='ocrx_word' id='word_1_129' title='bbox 104 2057 207 2118; x_wconf 89' lang='lat' dir='ltr'><strong>Noctis</strong></span> <span class='ocrx_word' id='word_1_130' title='bbox 223 2057 287 2130; x_wconf 87' lang='lat' dir='ltr'><strong>iter,</strong></span> <span class='ocrx_word' id='word_1_131' title='bbox 303 2058 362 2116; x_wconf 89' lang='lat' dir='ltr'><strong>iam</strong></span> <span class='ocrx_word' id='word_1_132' title='bbox 378 2072 457 2132; x_wconf 89' lang='lat' dir='ltr'><strong>quae</strong></span> <span class='ocrx_word' id='word_1_133' title='bbox 471 2071 583 2131; x_wconf 90' lang='lat' dir='ltr'><strong>passus</strong></span> <span class='ocrx_word' id='word_1_134' title='bbox 599 2062 748 2129; x_wconf 89' lang='lat' dir='ltr'><strong>terraque</strong></span> <span class='ocrx_word' id='word_1_135' title='bbox 764 2060 929 2135; x_wconf 90' lang='lat' dir='ltr'><strong>marique.</strong></span> 
     </span>
     <span class='ocr_line' id='line_1_23' title="bbox 144 2139 981 2217; baseline 0.002 -18"><span class='ocrx_word' id='word_1_136' title='bbox 144 2141 270 2200; x_wconf 88' lang='lat' dir='ltr'><strong>Pandite</strong></span> <span class='ocrx_word' id='word_1_137' title='bbox 284 2155 364 2201; x_wconf 93' lang='lat' dir='ltr'><strong>nunc</strong></span> <span class='ocrx_word' id='word_1_138' title='bbox 377 2140 532 2211; x_wconf 82' lang='lat' dir='ltr'><strong>Helicona,</strong></span> <span class='ocrx_word' id='word_1_139' title='bbox 547 2139 632 2211; x_wconf 90' lang='lat' dir='ltr'><strong>deae,</strong></span> <span class='ocrx_word' id='word_1_140' title='bbox 649 2147 841 2217; x_wconf 87' lang='lat' dir='ltr'><strong>cantusque</strong></span> <span class='ocrx_word' id='word_1_141' title='bbox 857 2149 981 2213; x_wconf 71' lang='lat' dir='ltr'><strong>movete,</strong></span> 
     </span>
     <span class='ocr_line' id='line_1_24' title="bbox 103 2222 890 2299; baseline 0.006 -15"><span class='ocrx_word' id='word_1_142' title='bbox 103 2226 188 2299; x_wconf 79' lang='lat' dir='ltr'><strong>Quae</strong></span> <span class='ocrx_word' id='word_1_143' title='bbox 203 2241 310 2286; x_wconf 93' lang='lat' dir='ltr'><strong>manus</strong></span> <span class='ocrx_word' id='word_1_144' title='bbox 325 2225 438 2284; x_wconf 90' lang='lat' dir='ltr'><strong>interea</strong></span> <span class='ocrx_word' id='word_1_145' title='bbox 452 2224 559 2283; x_wconf 84' lang='lat' dir='ltr'><strong>Tuscis</strong></span> <span class='ocrx_word' id='word_1_146' title='bbox 575 2222 740 2284; x_wconf 88' lang='lat' dir='ltr'><strong>comitetur</strong></span> <span class='ocrx_word' id='word_1_147' title='bbox 754 2227 801 2286; x_wconf 89' lang='lat' dir='ltr'><strong>ab</strong></span> <span class='ocrx_word' id='word_1_148' title='bbox 819 2229 890 2289; x_wconf 92' lang='lat' dir='ltr'><strong>oris</strong></span> 
     </span>
     <span class='ocr_line' id='line_1_25' title="bbox 104 2308 881 2383; baseline 0.004 -15"><span class='ocrx_word' id='word_1_149' title='bbox 104 2313 239 2382; x_wconf 85' lang='lat' dir='ltr'><strong>Aenean,</strong></span> <span class='ocrx_word' id='word_1_150' title='bbox 255 2315 411 2383; x_wconf 88' lang='lat' dir='ltr'><strong>armetque</strong></span> <span class='ocrx_word' id='word_1_151' title='bbox 425 2316 515 2381; x_wconf 86' lang='lat' dir='ltr'><strong>rates,</strong></span> <span class='ocrx_word' id='word_1_152' title='bbox 530 2308 707 2382; x_wconf 80' lang='lat' dir='ltr'><strong>pelagoque</strong></span> <span class='ocrx_word' id='word_1_153' title='bbox 723 2310 881 2373; x_wconf 87' lang='lat' dir='ltr'><strong>vehatur.</strong></span> 
     </span>
     <span class='ocr_line' id='line_1_26' title="bbox 103 2392 914 2472; baseline 0.001 -21"><span class='ocrx_word' id='word_1_154' title='bbox 103 2392 257 2453; x_wconf 88' lang='lat' dir='ltr'><strong>Massicus</strong></span> <span class='ocrx_word' id='word_1_155' title='bbox 271 2400 375 2453; x_wconf 88' lang='lat' dir='ltr'><strong>aerata</strong></span> <span class='ocrx_word' id='word_1_156' title='bbox 387 2393 530 2467; x_wconf 88' lang='lat' dir='ltr'><strong>princeps</strong></span> <span class='ocrx_word' id='word_1_157' title='bbox 547 2397 631 2450; x_wconf 88' lang='lat' dir='ltr'><strong>secat</strong></span> <span class='ocrx_word' id='word_1_158' title='bbox 644 2405 795 2465; x_wconf 87' lang='lat' dir='ltr'><strong>aequora</strong></span> <span class='ocrx_word' id='word_1_159' title='bbox 809 2396 914 2472; x_wconf 82' lang='lat' dir='ltr'><strong>Tigri=</strong></span> 
     </span>
     <span class='ocr_line' id='line_1_27' title="bbox 105 2474 963 2559; baseline 0.003 -24"><span class='ocrx_word' id='word_1_160' title='bbox 105 2475 168 2535; x_wconf 90' lang='lat' dir='ltr'><strong>Sub</strong></span> <span class='ocrx_word' id='word_1_161' title='bbox 185 2492 249 2559; x_wconf 84' lang='lat' dir='ltr'><strong>quo¹</strong></span> <span class='ocrx_word' id='word_1_162' title='bbox 260 2476 342 2535; x_wconf 91' lang='lat' dir='ltr'><strong>mille</strong></span> <span class='ocrx_word' id='word_1_163' title='bbox 355 2492 463 2535; x_wconf 90' lang='lat' dir='ltr'><strong>munus</strong></span> <span class='ocrx_word' id='word_1_164' title='bbox 479 2477 629 2545; x_wconf 88' lang='lat' dir='ltr'><strong>iuvenum,</strong></span> <span class='ocrx_word' id='word_1_165' title='bbox 646 2474 699 2549; x_wconf 93' lang='lat' dir='ltr'><strong>qui</strong></span> <span class='ocrx_word' id='word_1_166' title='bbox 716 2480 857 2541; x_wconf 87' lang='lat' dir='ltr'><strong>moenia</strong></span> <span class='ocrx_word' id='word_1_167' title='bbox 872 2478 963 2549; x_wconf 84' lang='lat' dir='ltr'><strong>Clusi,</strong></span> 
     </span>
     <span class='ocr_line' id='line_1_28' title="bbox 103 2557 935 2641; baseline 0.013 -25"><span class='ocrx_word' id='word_1_168' title='bbox 103 2558 223 2632; x_wconf 74' lang='lat' dir='ltr'><strong>Quique</strong></span> <span class='ocrx_word' id='word_1_169' title='bbox 237 2558 343 2618; x_wconf 90' lang='lat' dir='ltr'><strong>urbem</strong></span> <span class='ocrx_word' id='word_1_170' title='bbox 356 2560 472 2633; x_wconf 91' lang='lat' dir='ltr'><strong>liquere</strong></span> <span class='ocrx_word' id='word_1_171' title='bbox 488 2559 599 2627; x_wconf 79' lang='lat' dir='ltr'><strong>Cosas3</strong></span> <span class='ocrx_word' id='word_1_172' title='bbox 623 2557 693 2633; x_wconf 91' lang='lat' dir='ltr'><strong>quis</strong></span> <span class='ocrx_word' id='word_1_173' title='bbox 708 2561 777 2621; x_wconf 90' lang='lat' dir='ltr'><strong>tela</strong></span> <span class='ocrx_word' id='word_1_174' title='bbox 793 2565 935 2641; x_wconf 79' lang='lat' dir='ltr'><strong>sagittae</strong></span> 
     </span>
     <span class='ocr_line' id='line_1_29' title="bbox 106 2642 808 2719; baseline 0.007 -18"><span class='ocrx_word' id='word_1_175' title='bbox 106 2642 274 2719; x_wconf 79' lang='lat' dir='ltr'><strong>Gorytique</strong></span> <span class='ocrx_word' id='word_1_176' title='bbox 288 2645 374 2702; x_wconf 88' lang='lat' dir='ltr'><strong>leves</strong></span> <span class='ocrx_word' id='word_1_177' title='bbox 388 2643 523 2703; x_wconf 92' lang='lat' dir='ltr'><strong>humeris</strong></span> <span class='ocrx_word' id='word_1_178' title='bbox 538 2650 568 2703; x_wconf 91' lang='lat' dir='ltr'><strong>et</strong></span> <span class='ocrx_word' id='word_1_179' title='bbox 583 2642 681 2701; x_wconf 90' lang='lat' dir='ltr'><strong>leliler</strong></span> <span class='ocrx_word' id='word_1_180' title='bbox 694 2658 808 2705; x_wconf 91' lang='lat' dir='ltr'><strong>arcus.</strong></span> 
     </span>
     <span class='ocr_line' id='line_1_30' title="bbox 104 2725 929 2801; baseline 0.011 -16"><span class='ocrx_word' id='word_1_181' title='bbox 104 2726 173 2785; x_wconf 90' lang='lat' dir='ltr'><strong>Una</strong></span> <span class='ocrx_word' id='word_1_182' title='bbox 186 2732 292 2784; x_wconf 90' lang='lat' dir='ltr'><strong>torvus</strong></span> <span class='ocrx_word' id='word_1_183' title='bbox 309 2725 409 2787; x_wconf 83' lang='lat' dir='ltr'><strong>Abas:</strong></span> <span class='ocrx_word' id='word_1_184' title='bbox 432 2726 502 2787; x_wconf 91' lang='lat' dir='ltr'><strong>huic</strong></span> <span class='ocrx_word' id='word_1_185' title='bbox 517 2735 612 2788; x_wconf 93' lang='lat' dir='ltr'><strong>totum</strong></span> <span class='ocrx_word' id='word_1_186' title='bbox 625 2726 810 2801; x_wconf 81' lang='lat' dir='ltr'><strong>insignibus</strong></span> <span class='ocrx_word' id='word_1_187' title='bbox 828 2734 929 2793; x_wconf 89' lang='lat' dir='ltr'><strong>armis</strong></span> 
     </span>
     <span class='ocr_line' id='line_1_31' title="bbox 104 2810 853 2891; baseline 0.008 -22"><span class='ocrx_word' id='word_1_188' title='bbox 104 2812 222 2885; x_wconf 83' lang='lat' dir='ltr'><strong>Agmen</strong></span> <span class='ocrx_word' id='word_1_189' title='bbox 238 2816 267 2867; x_wconf 91' lang='lat' dir='ltr'><strong>el</strong></span> <span class='ocrx_word' id='word_1_190' title='bbox 280 2818 386 2870; x_wconf 91' lang='lat' dir='ltr'><strong>aurato</strong></span> <span class='ocrx_word' id='word_1_191' title='bbox 402 2811 540 2885; x_wconf 77' lang='lat' dir='ltr'><strong>fulgebat</strong></span> <span class='ocrx_word' id='word_1_192' title='bbox 553 2810 696 2885; x_wconf 93' lang='lat' dir='ltr'><strong>Apolline</strong></span> <span class='ocrx_word' id='word_1_193' title='bbox 711 2815 853 2891; x_wconf 88' lang='lat' dir='ltr'><strong>puppis.</strong></span> 
     </span>
     <span class='ocr_line' id='line_1_32' title="bbox 106 2893 776 2971; baseline 0.004 -19"><span class='ocrx_word' id='word_1_194' title='bbox 106 2893 276 2953; x_wconf 87' lang='lat' dir='ltr'><strong>Sexcentas</strong></span> <span class='ocrx_word' id='word_1_195' title='bbox 291 2894 334 2953; x_wconf 92' lang='lat' dir='ltr'><strong>illi</strong></span> <span class='ocrx_word' id='word_1_196' title='bbox 349 2895 476 2954; x_wconf 86' lang='lat' dir='ltr'><strong>dederat</strong></span> <span class='ocrx_word' id='word_1_197' title='bbox 489 2894 657 2971; x_wconf 90' lang='lat' dir='ltr'><strong>Populonia</strong></span> <span class='ocrx_word' id='word_1_198' title='bbox 671 2902 776 2955; x_wconf 88' lang='lat' dir='ltr'><strong>mater</strong></span> 
     </span>
     <span class='ocr_line' id='line_1_33' title="bbox 103 2977 832 3053; baseline 0.007 -14"><span class='ocrx_word' id='word_1_199' title='bbox 103 2978 255 3053; x_wconf 73' lang='lat' dir='ltr'><strong>Expectas</strong></span> <span class='ocrx_word' id='word_1_200' title='bbox 270 2977 341 3038; x_wconf 93' lang='lat' dir='ltr'><strong>belli</strong></span> <span class='ocrx_word' id='word_1_201' title='bbox 356 2979 499 3050; x_wconf 89' lang='lat' dir='ltr'><strong>iuvenes;</strong></span> <span class='ocrx_word' id='word_1_202' title='bbox 522 2987 570 3039; x_wconf 90' lang='lat' dir='ltr'><strong>ast</strong></span> <span class='ocrx_word' id='word_1_203' title='bbox 584 2978 649 3037; x_wconf 89' lang='lat' dir='ltr'><strong>llva</strong></span> <span class='ocrx_word' id='word_1_204' title='bbox 663 2984 832 3044; x_wconf 84' lang='lat' dir='ltr'><strong>trecentos</strong></span> 
     </span>
     <span class='ocr_line' id='line_1_34' title="bbox 105 3061 948 3140; baseline 0.008 -20"><span class='ocrx_word' id='word_1_205' title='bbox 105 3062 216 3135; x_wconf 87' lang='lat' dir='ltr'><strong>lnsulo,</strong></span> <span class='ocrx_word' id='word_1_206' title='bbox 232 3062 421 3123; x_wconf 87' lang='lat' dir='ltr'><strong>inexhaustis</strong></span> <span class='ocrx_word' id='word_1_207' title='bbox 437 3061 606 3140; x_wconf 85' lang='lat' dir='ltr'><strong>Chalybum</strong></span> <span class='ocrx_word' id='word_1_208' title='bbox 620 3076 782 3136; x_wconf 86' lang='lat' dir='ltr'><strong>generosa</strong></span> <span class='ocrx_word' id='word_1_209' title='bbox 796 3070 948 3131; x_wconf 84' lang='lat' dir='ltr'><strong>metallis.</strong></span> 
     </span>
     <span class='ocr_line' id='line_1_35' title="bbox 103 3144 961 3223; baseline 0.008 -18"><span class='ocrx_word' id='word_1_210' title='bbox 103 3146 229 3221; x_wconf 88' lang='lat' dir='ltr'><strong>Tertius,</strong></span> <span class='ocrx_word' id='word_1_211' title='bbox 245 3147 296 3205; x_wconf 89' lang='lat' dir='ltr'><strong>ille</strong></span> <span class='ocrx_word' id='word_1_212' title='bbox 310 3146 465 3206; x_wconf 92' lang='lat' dir='ltr'><strong>hominum</strong></span> <span class='ocrx_word' id='word_1_213' title='bbox 479 3147 647 3220; x_wconf 83' lang='lat' dir='ltr'><strong>divumque</strong></span> <span class='ocrx_word' id='word_1_214' title='bbox 659 3144 825 3223; x_wconf 86' lang='lat' dir='ltr'><strong>interpres</strong></span> <span class='ocrx_word' id='word_1_215' title='bbox 841 3154 961 3223; x_wconf 78' lang='lat' dir='ltr'><strong>Asilas,</strong></span> 
     </span>
     <span class='ocr_line' id='line_1_36' title="bbox 105 3228 866 3306; baseline 0.001 -18"><span class='ocrx_word' id='word_1_216' title='bbox 105 3230 160 3289; x_wconf 83' lang='lat' dir='ltr'><strong>Cui</strong></span> <span class='ocrx_word' id='word_1_217' title='bbox 175 3230 326 3305; x_wconf 90' lang='lat' dir='ltr'><strong>pecudum</strong></span> <span class='ocrx_word' id='word_1_218' title='bbox 341 3230 446 3305; x_wconf 85' lang='lat' dir='ltr'><strong>fibrae,</strong></span> <span class='ocrx_word' id='word_1_219' title='bbox 461 3232 539 3290; x_wconf 89' lang='lat' dir='ltr'><strong>coeli</strong></span> <span class='ocrx_word' id='word_1_220' title='bbox 555 3230 602 3290; x_wconf 91' lang='lat' dir='ltr'><strong>cui</strong></span> <span class='ocrx_word' id='word_1_221' title='bbox 618 3228 724 3289; x_wconf 87' lang='lat' dir='ltr'><strong>sidera</strong></span> <span class='ocrx_word' id='word_1_222' title='bbox 739 3245 866 3306; x_wconf 79' lang='lat' dir='ltr'><strong>parent</strong></span> 
     </span>
     <span class='ocr_line' id='line_1_37' title="bbox 103 3312 936 3399; baseline 0.006 -26"><span class='ocrx_word' id='word_1_223' title='bbox 103 3312 142 3373; x_wconf 85' lang='lat' dir='ltr'><strong>Et</strong></span> <span class='ocrx_word' id='word_1_224' title='bbox 155 3313 276 3389; x_wconf 87' lang='lat' dir='ltr'><strong>linguae</strong></span> <span class='ocrx_word' id='word_1_225' title='bbox 289 3315 448 3375; x_wconf 88' lang='lat' dir='ltr'><strong>volucram</strong></span> <span class='ocrx_word' id='word_1_226' title='bbox 462 3321 492 3373; x_wconf 89' lang='lat' dir='ltr'><strong>et</strong></span> <span class='ocrx_word' id='word_1_227' title='bbox 505 3314 648 3389; x_wconf 72' lang='lat' dir='ltr'><strong>praesagi</strong></span> <span class='ocrx_word' id='word_1_228' title='bbox 663 3313 809 3381; x_wconf 84' lang='lat' dir='ltr'><strong>fulminis</strong></span> <span class='ocrx_word' id='word_1_229' title='bbox 829 3322 936 3399; x_wconf 76' lang='lat' dir='ltr'><strong>ignes,</strong></span> 
     </span>
     <span class='ocr_line' id='line_1_38' title="bbox 104 3396 951 3472; baseline 0.007 -15"><span class='ocrx_word' id='word_1_230' title='bbox 104 3396 187 3457; x_wconf 87' lang='lat' dir='ltr'><strong>Mille</strong></span> <span class='ocrx_word' id='word_1_231' title='bbox 200 3397 279 3472; x_wconf 90' lang='lat' dir='ltr'><strong>rapit</strong></span> <span class='ocrx_word' id='word_1_232' title='bbox 294 3398 409 3460; x_wconf 86' lang='lat' dir='ltr'><strong>densos</strong></span> <span class='ocrx_word' id='word_1_233' title='bbox 423 3398 490 3458; x_wconf 89' lang='lat' dir='ltr'><strong>acie</strong></span> <span class='ocrx_word' id='word_1_234' title='bbox 504 3406 596 3472; x_wconf 90' lang='lat' dir='ltr'><strong>atque</strong></span> <span class='ocrx_word' id='word_1_235' title='bbox 611 3398 819 3465; x_wconf 81' lang='lat' dir='ltr'><strong>horrentibus</strong></span> <span class='ocrx_word' id='word_1_236' title='bbox 836 3406 951 3470; x_wconf 76' lang='lat' dir='ltr'><strong>hostis.</strong></span> 
     </span>
     <span class='ocr_line' id='line_1_39' title="bbox 105 3480 889 3565; baseline -0.003 -22"><span class='ocrx_word' id='word_1_237' title='bbox 105 3480 172 3545; x_wconf 85' lang='lat' dir='ltr'><strong>Hos</strong></span> <span class='ocrx_word' id='word_1_238' title='bbox 187 3496 299 3561; x_wconf 76' lang='lat' dir='ltr'><strong>parete</strong></span> <span class='ocrx_word' id='word_1_239' title='bbox 309 3482 419 3543; x_wconf 81' lang='lat' dir='ltr'><strong>&#39;iubent</strong></span> <span class='ocrx_word' id='word_1_240' title='bbox 433 3482 570 3553; x_wconf 75' lang='lat' dir='ltr'><strong>Alpheae</strong></span> <span class='ocrx_word' id='word_1_241' title='bbox 581 3480 622 3535; x_wconf 78' lang='lat' dir='ltr'><strong>ab</strong></span> <span class='ocrx_word' id='word_1_242' title='bbox 636 3482 757 3546; x_wconf 74' lang='lat' dir='ltr'><strong>urigine</strong></span> <span class='ocrx_word' id='word_1_243' title='bbox 767 3484 889 3565; x_wconf 58' lang='lat' dir='ltr'><strong>Dianax</strong></span> 
     </span>
    </p>
   </div>
   <div class='ocr_carea' id='block_1_3' title="bbox 0 0 1178 3780">
    <p class='ocr_par' dir='ltr' id='par_1_3' title="bbox 0 0 1178 3780">
     <span class='ocr_line' id='line_1_40' title="bbox 0 0 1178 3780; baseline 0 0"><span class='ocrx_word' id='word_1_244' title='bbox 0 0 1178 3780; x_wconf 95' lang='lat' dir='ltr'><strong> </strong></span> 
     </span>
    </p>
   </div>
  </div>
 </body>
</html>
