<?xml version="1.0" encoding="UTF-8"?>
<!DOCTYPE html PUBLIC "-//W3C//DTD XHTML 1.0 Transitional//EN"
    "http://www.w3.org/TR/xhtml1/DTD/xhtml1-transitional.dtd">
<html xmlns="http://www.w3.org/1999/xhtml" xml:lang="en" lang="en">
 <head>
  <title>
</title>
<meta http-equiv="Content-Type" content="text/html;charset=utf-8" />
  <meta name='ocr-system' content='tesseract 3.04.00' />
  <meta name='ocr-capabilities' content='ocr_page ocr_carea ocr_par ocr_line ocrx_word'/>
</head>
<body>
  <div class='ocr_page' id='page_1' title='image "./pvirgiliimaroni11virggoog/pvirgiliimaroni11virggoog_0263.png"; bbox 0 0 2326 3780; ppageno 0'>
   <div class='ocr_carea' id='block_1_1' title="bbox 97 189 779 255">
    <p class='ocr_par' dir='ltr' id='par_1_1' title="bbox 97 189 779 255">
     <span class='ocr_line' id='line_1_1' title="bbox 97 189 779 255; baseline -0.006 0"><span class='ocrx_word' id='word_1_1' title='bbox 97 191 141 255; x_wconf 81' lang='grc'>94</span> <span class='ocrx_word' id='word_1_2' title='bbox 368 192 402 252; x_wconf 88' lang='grc' dir='ltr'>Ρ.</span> <span class='ocrx_word' id='word_1_3' title='bbox 427 191 584 252; x_wconf 86' lang='lat' dir='ltr'>VlRGlLll</span> <span class='ocrx_word' id='word_1_4' title='bbox 604 189 779 251; x_wconf 83' lang='lat' dir='ltr'><strong>MARONIS</strong></span> 
     </span>
    </p>
   </div>
   <div class='ocr_carea' id='block_1_2' title="bbox 91 341 1058 3524">
    <p class='ocr_par' dir='ltr' id='par_1_2' title="bbox 96 341 1058 2602">
     <span class='ocr_line' id='line_1_2' title="bbox 96 341 844 421; baseline -0.005 -16"><span class='ocrx_word' id='word_1_5' title='bbox 96 344 268 421; x_wconf 60' lang='lat' dir='ltr'>‚Emmaus</span> <span class='ocrx_word' id='word_1_6' title='bbox 284 350 375 404; x_wconf 85' lang='lat' dir='ltr'>vento</span> <span class='ocrx_word' id='word_1_7' title='bbox 389 342 449 404; x_wconf 92' lang='lat' dir='ltr'>huc</span> <span class='ocrx_word' id='word_1_8' title='bbox 462 345 559 404; x_wconf 91' lang='lat' dir='ltr'>vastis</span> <span class='ocrx_word' id='word_1_9' title='bbox 574 352 604 403; x_wconf 90' lang='lat' dir='ltr'>et</span> <span class='ocrx_word' id='word_1_10' title='bbox 617 341 761 404; x_wconf 80' lang='lat' dir='ltr'>fluctibus</span> <span class='ocrx_word' id='word_1_11' title='bbox 776 343 844 402; x_wconf 88' lang='lat' dir='ltr'>acti.</span> 
     </span>
     <span class='ocr_line' id='line_1_3' title="bbox 96 427 932 503; baseline -0.001 -16"><span class='ocrx_word' id='word_1_12' title='bbox 96 428 209 503; x_wconf 88' lang='lat' dir='ltr'>„Multa</span> <span class='ocrx_word' id='word_1_13' title='bbox 222 428 275 489; x_wconf 90' lang='lat' dir='ltr'>tibi</span> <span class='ocrx_word' id='word_1_14' title='bbox 289 434 359 489; x_wconf 92' lang='lat' dir='ltr'>ante</span> <span class='ocrx_word' id='word_1_15' title='bbox 373 444 443 488; x_wconf 88' lang='lat' dir='ltr'>aras</span> <span class='ocrx_word' id='word_1_16' title='bbox 457 435 562 488; x_wconf 89' lang='lat' dir='ltr'>nostra</span> <span class='ocrx_word' id='word_1_17' title='bbox 577 428 667 488; x_wconf 82' lang='lat' dir='ltr'>cadet</span> <span class='ocrx_word' id='word_1_18' title='bbox 680 427 781 489; x_wconf 85' lang='lat' dir='ltr'>hostia</span> <span class='ocrx_word' id='word_1_19' title='bbox 795 427 932 487; x_wconf 86' lang='lat' dir='ltr'>dextra“</span> 
     </span>
     <span class='ocr_line' id='line_1_4' title="bbox 96 510 1055 588; baseline -0.003 -17"><span class='ocrx_word' id='word_1_20' title='bbox 96 513 170 572; x_wconf 87' lang='lat' dir='ltr'>Tum</span> <span class='ocrx_word' id='word_1_21' title='bbox 181 513 302 573; x_wconf 75' lang='lat' dir='ltr'>Venust</span> <span class='ocrx_word' id='word_1_22' title='bbox 325 512 434 588; x_wconf 87' lang='lat' dir='ltr'>„Haud</span> <span class='ocrx_word' id='word_1_23' title='bbox 444 513 587 588; x_wconf 90' lang='lat' dir='ltr'>equidem</span> <span class='ocrx_word' id='word_1_24' title='bbox 597 512 650 572; x_wconf 90' lang='lat' dir='ltr'>tali</span> <span class='ocrx_word' id='word_1_25' title='bbox 660 528 711 571; x_wconf 87' lang='lat' dir='ltr'>mc</span> <span class='ocrx_word' id='word_1_26' title='bbox 721 510 831 587; x_wconf 88' lang='lat' dir='ltr'>dignor</span> <span class='ocrx_word' id='word_1_27' title='bbox 841 511 975 570; x_wconf 84' lang='lat' dir='ltr'>honore=</span> <span class='ocrx_word' id='word_1_28' title='bbox 1001 513 1055 568; x_wconf 76' lang='grc'>335</span> 
     </span>
     <span class='ocr_line' id='line_1_5' title="bbox 97 595 884 673; baseline 0.003 -19"><span class='ocrx_word' id='word_1_29' title='bbox 97 596 292 672; x_wconf 85' lang='lat' dir='ltr'>„Virginibus</span> <span class='ocrx_word' id='word_1_30' title='bbox 307 596 407 673; x_wconf 87' lang='lat' dir='ltr'>Tyriis</span> <span class='ocrx_word' id='word_1_31' title='bbox 422 612 489 656; x_wconf 90' lang='lat' dir='ltr'>mos</span> <span class='ocrx_word' id='word_1_32' title='bbox 505 603 553 657; x_wconf 90' lang='lat' dir='ltr'>est</span> <span class='ocrx_word' id='word_1_33' title='bbox 566 602 688 671; x_wconf 90' lang='lat' dir='ltr'>gestare</span> <span class='ocrx_word' id='word_1_34' title='bbox 702 595 884 670; x_wconf 78' lang='lat' dir='ltr'>pharetram,</span> 
     </span>
     <span class='ocr_line' id='line_1_6' title="bbox 96 680 815 756; baseline -0.007 -13"><span class='ocrx_word' id='word_1_35' title='bbox 96 680 333 756; x_wconf 85' lang='lat' dir='ltr'>„Purpurcoque</span> <span class='ocrx_word' id='word_1_36' title='bbox 348 681 407 739; x_wconf 89' lang='lat' dir='ltr'>alte</span> <span class='ocrx_word' id='word_1_37' title='bbox 423 696 512 740; x_wconf 89' lang='lat' dir='ltr'>suras</span> <span class='ocrx_word' id='word_1_38' title='bbox 526 680 641 740; x_wconf 90' lang='lat' dir='ltr'>vincire</span> <span class='ocrx_word' id='word_1_39' title='bbox 656 680 815 740; x_wconf 88' lang='lat' dir='ltr'>cothurno.</span> 
     </span>
     <span class='ocr_line' id='line_1_7' title="bbox 96 761 920 840; baseline -0.004 -15"><span class='ocrx_word' id='word_1_40' title='bbox 96 763 228 840; x_wconf 52' lang='lat' dir='ltr'>‚dumea</span> <span class='ocrx_word' id='word_1_41' title='bbox 241 780 337 839; x_wconf 91' lang='lat' dir='ltr'>regna</span> <span class='ocrx_word' id='word_1_42' title='bbox 351 763 448 833; x_wconf 88' lang='lat' dir='ltr'>vides,</span> <span class='ocrx_word' id='word_1_43' title='bbox 464 763 573 839; x_wconf 76' lang='lat' dir='ltr'>lyrios</span> <span class='ocrx_word' id='word_1_44' title='bbox 588 770 618 823; x_wconf 90' lang='lat' dir='ltr'>et</span> <span class='ocrx_word' id='word_1_45' title='bbox 631 764 783 837; x_wconf 79' lang='lat' dir='ltr'>Agenoris</span> <span class='ocrx_word' id='word_1_46' title='bbox 799 761 920 832; x_wconf 89' lang='lat' dir='ltr'>urbem;</span> 
     </span>
     <span class='ocr_line' id='line_1_8' title="bbox 97 845 824 925; baseline -0.007 -16"><span class='ocrx_word' id='word_1_47' title='bbox 97 847 179 925; x_wconf 82' lang='lat' dir='ltr'>„Sed</span> <span class='ocrx_word' id='word_1_48' title='bbox 194 849 271 908; x_wconf 88' lang='lat' dir='ltr'><strong>fines</strong></span> <span class='ocrx_word' id='word_1_49' title='bbox 284 846 402 922; x_wconf 75' lang='lat' dir='ltr'>Libyci</span> <span class='ocrx_word' id='word_1_50' title='bbox 417 862 515 920; x_wconf 88' lang='lat' dir='ltr'>genus</span> <span class='ocrx_word' id='word_1_51' title='bbox 530 845 719 907; x_wconf 79' lang='lat' dir='ltr'>intractabile</span> <span class='ocrx_word' id='word_1_52' title='bbox 732 846 824 907; x_wconf 88' lang='lat' dir='ltr'>bello.</span> 
     </span>
     <span class='ocr_line' id='line_1_9' title="bbox 96 930 1058 1008; baseline -0.003 -17"><span class='ocrx_word' id='word_1_53' title='bbox 96 932 281 1008; x_wconf 90' lang='lat' dir='ltr'>„Imperium</span> <span class='ocrx_word' id='word_1_54' title='bbox 294 931 373 990; x_wconf 88' lang='lat' dir='ltr'>Dido</span> <span class='ocrx_word' id='word_1_55' title='bbox 389 930 480 1006; x_wconf 87' lang='lat' dir='ltr'>Tyria</span> <span class='ocrx_word' id='word_1_56' title='bbox 493 932 571 1005; x_wconf 90' lang='lat' dir='ltr'>regit</span> <span class='ocrx_word' id='word_1_57' title='bbox 584 930 660 995; x_wconf 87' lang='lat' dir='ltr'>urbe</span> <span class='ocrx_word' id='word_1_58' title='bbox 674 931 820 1005; x_wconf 81' lang='lat' dir='ltr'>proiecta,</span> <span class='ocrx_word' id='word_1_59' title='bbox 1001 934 1058 988; x_wconf 75' lang='lat' dir='ltr'>olo</span> 
     </span>
     <span class='ocr_line' id='line_1_10' title="bbox 97 1014 899 1091; baseline -0.005 -15"><span class='ocrx_word' id='word_1_60' title='bbox 97 1016 298 1091; x_wconf 80' lang='lat' dir='ltr'>„Germanum</span> <span class='ocrx_word' id='word_1_61' title='bbox 312 1014 442 1089; x_wconf 86' lang='lat' dir='ltr'>lugiens.</span> <span class='ocrx_word' id='word_1_62' title='bbox 474 1014 580 1089; x_wconf 87' lang='lat' dir='ltr'>Longa</span> <span class='ocrx_word' id='word_1_63' title='bbox 595 1022 642 1075; x_wconf 90' lang='lat' dir='ltr'>est</span> <span class='ocrx_word' id='word_1_64' title='bbox 655 1015 774 1088; x_wconf 87' lang='lat' dir='ltr'>iniuria,</span> <span class='ocrx_word' id='word_1_65' title='bbox 789 1015 899 1088; x_wconf 87' lang='lat' dir='ltr'>longae</span> 
     </span>
     <span class='ocr_line' id='line_1_11' title="bbox 96 1098 885 1175; baseline -0.008 -15"><span class='ocrx_word' id='word_1_66' title='bbox 96 1098 287 1175; x_wconf 82' lang='lat' dir='ltr'>‚‚Ambages;</span> <span class='ocrx_word' id='word_1_67' title='bbox 309 1099 368 1158; x_wconf 90' lang='lat' dir='ltr'>sed</span> <span class='ocrx_word' id='word_1_68' title='bbox 381 1114 500 1158; x_wconf 89' lang='lat' dir='ltr'>summa</span> <span class='ocrx_word' id='word_1_69' title='bbox 515 1113 628 1172; x_wconf 86' lang='lat' dir='ltr'>sequar</span> <span class='ocrx_word' id='word_1_70' title='bbox 642 1099 764 1173; x_wconf 80' lang='lat' dir='ltr'>fastigia</span> <span class='ocrx_word' id='word_1_71' title='bbox 776 1113 885 1158; x_wconf 92' lang='lat' dir='ltr'>rerum.</span> 
     </span>
     <span class='ocr_line' id='line_1_12' title="bbox 96 1179 849 1259; baseline -0.003 -17"><span class='ocrx_word' id='word_1_72' title='bbox 96 1182 193 1259; x_wconf 84' lang='lat' dir='ltr'>„Huic</span> <span class='ocrx_word' id='word_1_73' title='bbox 208 1182 321 1242; x_wconf 86' lang='lat' dir='ltr'>coniux</span> <span class='ocrx_word' id='word_1_74' title='bbox 335 1179 496 1257; x_wconf 81' lang='lat' dir='ltr'>Sychaeus</span> <span class='ocrx_word' id='word_1_75' title='bbox 510 1188 583 1255; x_wconf 89' lang='lat' dir='ltr'>erat,</span> <span class='ocrx_word' id='word_1_76' title='bbox 601 1182 769 1243; x_wconf 90' lang='lat' dir='ltr'>ditissimus</span> <span class='ocrx_word' id='word_1_77' title='bbox 784 1182 849 1256; x_wconf 89' lang='lat' dir='ltr'>agri</span> 
     </span>
     <span class='ocr_line' id='line_1_13' title="bbox 97 1266 888 1341; baseline -0.001 -16"><span class='ocrx_word' id='word_1_78' title='bbox 97 1266 302 1341; x_wconf 84' lang='lat' dir='ltr'>„Phoenicum</span> <span class='ocrx_word' id='word_1_79' title='bbox 316 1272 346 1325; x_wconf 91' lang='lat' dir='ltr'>et</span> <span class='ocrx_word' id='word_1_80' title='bbox 359 1280 470 1340; x_wconf 88' lang='lat' dir='ltr'>magno</span> <span class='ocrx_word' id='word_1_81' title='bbox 485 1267 616 1326; x_wconf 85' lang='lat' dir='ltr'>miserae</span> <span class='ocrx_word' id='word_1_82' title='bbox 631 1267 759 1327; x_wconf 87' lang='lat' dir='ltr'>dilectus</span> <span class='ocrx_word' id='word_1_83' title='bbox 775 1280 888 1338; x_wconf 88' lang='lat' dir='ltr'>amore,</span> 
     </span>
     <span class='ocr_line' id='line_1_14' title="bbox 97 1349 882 1427; baseline -0.003 -17"><span class='ocrx_word' id='word_1_84' title='bbox 97 1349 171 1427; x_wconf 83' lang='lat' dir='ltr'>„Cui</span> <span class='ocrx_word' id='word_1_85' title='bbox 185 1355 272 1424; x_wconf 89' lang='lat' dir='ltr'>pater</span> <span class='ocrx_word' id='word_1_86' title='bbox 285 1349 427 1409; x_wconf 84' lang='lat' dir='ltr'>intactam</span> <span class='ocrx_word' id='word_1_87' title='bbox 443 1350 570 1409; x_wconf 88' lang='lat' dir='ltr'>dederat</span> <span class='ocrx_word' id='word_1_88' title='bbox 583 1350 751 1426; x_wconf 89' lang='lat' dir='ltr'>primisque</span> <span class='ocrx_word' id='word_1_89' title='bbox 764 1350 882 1424; x_wconf 88' lang='lat' dir='ltr'>iugarat</span> 
     </span>
     <span class='ocr_line' id='line_1_15' title="bbox 98 1427 901 1510; baseline -0.004 -16"><span class='ocrx_word' id='word_1_90' title='bbox 98 1431 284 1510; x_wconf 81' lang='lat' dir='ltr'>„Ominibus</span> <span class='ocrx_word' id='word_1_91' title='bbox 320 1431 384 1493; x_wconf 88' lang='lat' dir='ltr'>Sed</span> <span class='ocrx_word' id='word_1_92' title='bbox 396 1449 493 1510; x_wconf 85' lang='lat' dir='ltr'>¹regna</span> <span class='ocrx_word' id='word_1_93' title='bbox 505 1427 576 1510; x_wconf 82' lang='lat' dir='ltr'>Tyri</span> <span class='ocrx_word' id='word_1_94' title='bbox 591 1450 754 1509; x_wconf 90' lang='lat' dir='ltr'>germanus</span> <span class='ocrx_word' id='word_1_95' title='bbox 768 1432 901 1492; x_wconf 89' lang='lat' dir='ltr'>habebat</span> 
     </span>
     <span class='ocr_line' id='line_1_16' title="bbox 96 1516 921 1595; baseline -0.004 -18"><span class='ocrx_word' id='word_1_96' title='bbox 96 1516 304 1595; x_wconf 74' lang='lat' dir='ltr'>„Pygmalion</span> <span class='ocrx_word' id='word_1_97' title='bbox 320 1519 439 1578; x_wconf 85' lang='lat' dir='ltr'>scelere</span> <span class='ocrx_word' id='word_1_98' title='bbox 453 1524 523 1578; x_wconf 90' lang='lat' dir='ltr'>ante</span> <span class='ocrx_word' id='word_1_99' title='bbox 537 1519 615 1578; x_wconf 85' lang='lat' dir='ltr'>alios</span> <span class='ocrx_word' id='word_1_100' title='bbox 630 1519 790 1577; x_wconf 88' lang='lat' dir='ltr'>immanior</span> <span class='ocrx_word' id='word_1_101' title='bbox 804 1531 921 1576; x_wconf 90' lang='lat' dir='ltr'>omnes.</span> 
     </span>
     <span class='ocr_line' id='line_1_17' title="bbox 97 1601 898 1678; baseline -0.006 -14"><span class='ocrx_word' id='word_1_102' title='bbox 97 1601 201 1678; x_wconf 78' lang='lat' dir='ltr'>„Quos</span> <span class='ocrx_word' id='word_1_103' title='bbox 215 1602 293 1662; x_wconf 88' lang='lat' dir='ltr'>inter</span> <span class='ocrx_word' id='word_1_104' title='bbox 305 1602 425 1664; x_wconf 87' lang='lat' dir='ltr'>medius</span> <span class='ocrx_word' id='word_1_105' title='bbox 439 1603 524 1663; x_wconf 87' lang='lat' dir='ltr'>venit</span> <span class='ocrx_word' id='word_1_106' title='bbox 537 1603 636 1663; x_wconf 80' lang='lat' dir='ltr'>furor:</span> <span class='ocrx_word' id='word_1_107' title='bbox 658 1603 709 1661; x_wconf 86' lang='lat' dir='ltr'>ille</span> <span class='ocrx_word' id='word_1_108' title='bbox 725 1601 898 1678; x_wconf 84' lang='lat' dir='ltr'>Sychaeum</span> 
     </span>
     <span class='ocr_line' id='line_1_18' title="bbox 97 1686 833 1763; baseline -0.001 -18"><span class='ocrx_word' id='word_1_109' title='bbox 97 1686 232 1763; x_wconf 87' lang='lat' dir='ltr'>„Impius</span> <span class='ocrx_word' id='word_1_110' title='bbox 247 1692 317 1746; x_wconf 90' lang='lat' dir='ltr'>ante</span> <span class='ocrx_word' id='word_1_111' title='bbox 331 1702 402 1747; x_wconf 88' lang='lat' dir='ltr'>aras</span> <span class='ocrx_word' id='word_1_112' title='bbox 417 1693 508 1762; x_wconf 89' lang='lat' dir='ltr'>atquc</span> <span class='ocrx_word' id='word_1_113' title='bbox 522 1687 587 1746; x_wconf 92' lang='lat' dir='ltr'>auri</span> <span class='ocrx_word' id='word_1_114' title='bbox 603 1701 713 1746; x_wconf 88' lang='lat' dir='ltr'>caecus</span> <span class='ocrx_word' id='word_1_115' title='bbox 729 1700 833 1745; x_wconf 89' lang='lat' dir='ltr'>amore</span> 
     </span>
     <span class='ocr_line' id='line_1_19' title="bbox 97 1768 905 1848; baseline -0.001 -18"><span class='ocrx_word' id='word_1_116' title='bbox 97 1768 201 1848; x_wconf 82' lang='lat' dir='ltr'>„Clam</span> <span class='ocrx_word' id='word_1_117' title='bbox 215 1770 295 1830; x_wconf 86' lang='lat' dir='ltr'>ierro</span> <span class='ocrx_word' id='word_1_118' title='bbox 310 1770 464 1833; x_wconf 86' lang='lat' dir='ltr'>incautum</span> <span class='ocrx_word' id='word_1_119' title='bbox 478 1777 611 1845; x_wconf 79' lang='lat' dir='ltr'>superat</span> <span class='ocrx_word' id='word_1_120' title='bbox 628 1785 756 1830; x_wconf 90' lang='lat' dir='ltr'>securus</span> <span class='ocrx_word' id='word_1_121' title='bbox 770 1784 905 1829; x_wconf 88' lang='lat' dir='ltr'>amorum</span> 
     </span>
     <span class='ocr_line' id='line_1_20' title="bbox 97 1854 866 1931; baseline -0.005 -16"><span class='ocrx_word' id='word_1_122' title='bbox 97 1854 295 1931; x_wconf 70' lang='lat' dir='ltr'>„Germanae</span> <span class='ocrx_word' id='word_1_123' title='bbox 311 1856 486 1930; x_wconf 83' lang='lat' dir='ltr'>factumque</span> <span class='ocrx_word' id='word_1_124' title='bbox 500 1855 553 1915; x_wconf 90' lang='lat' dir='ltr'>diu</span> <span class='ocrx_word' id='word_1_125' title='bbox 567 1855 677 1914; x_wconf 87' lang='lat' dir='ltr'>celavit</span> <span class='ocrx_word' id='word_1_126' title='bbox 692 1859 722 1914; x_wconf 93' lang='lat' dir='ltr'>et</span> <span class='ocrx_word' id='word_1_127' title='bbox 735 1869 866 1928; x_wconf 77' lang='lat' dir='ltr'>aegram</span> 
     </span>
     <span class='ocr_line' id='line_1_21' title="bbox 97 1938 919 2015; baseline -0.009 -15"><span class='ocrx_word' id='word_1_128' title='bbox 97 1939 211 2015; x_wconf 69' lang='lat' dir='ltr'>‚Multa</span> <span class='ocrx_word' id='word_1_129' title='bbox 224 1940 322 1999; x_wconf 93' lang='lat' dir='ltr'>malus</span> <span class='ocrx_word' id='word_1_130' title='bbox 337 1939 493 2011; x_wconf 89' lang='lat' dir='ltr'>simulans,</span> <span class='ocrx_word' id='word_1_131' title='bbox 509 1954 589 1997; x_wconf 90' lang='lat' dir='ltr'>vana</span> <span class='ocrx_word' id='word_1_132' title='bbox 603 1953 659 2013; x_wconf 89' lang='lat' dir='ltr'>spe</span> <span class='ocrx_word' id='word_1_133' title='bbox 673 1938 745 1997; x_wconf 89' lang='lat' dir='ltr'>lusit</span> <span class='ocrx_word' id='word_1_134' title='bbox 760 1944 919 1997; x_wconf 88' lang='lat' dir='ltr'>amantem.</span> 
     </span>
     <span class='ocr_line' id='line_1_22' title="bbox 98 2020 813 2099; baseline -0.003 -17"><span class='ocrx_word' id='word_1_135' title='bbox 98 2024 190 2099; x_wconf 88' lang='lat' dir='ltr'>„Ipsa</span> <span class='ocrx_word' id='word_1_136' title='bbox 205 2022 262 2082; x_wconf 91' lang='lat' dir='ltr'>sed</span> <span class='ocrx_word' id='word_1_137' title='bbox 276 2023 306 2082; x_wconf 92' lang='lat' dir='ltr'>in</span> <span class='ocrx_word' id='word_1_138' title='bbox 322 2023 440 2081; x_wconf 88' lang='lat' dir='ltr'>somnis</span> <span class='ocrx_word' id='word_1_139' title='bbox 454 2020 600 2080; x_wconf 90' lang='lat' dir='ltr'>inhumati</span> <span class='ocrx_word' id='word_1_140' title='bbox 614 2022 698 2081; x_wconf 90' lang='lat' dir='ltr'>venit</span> <span class='ocrx_word' id='word_1_141' title='bbox 712 2021 813 2096; x_wconf 84' lang='lat' dir='ltr'>imago</span> 
     </span>
     <span class='ocr_line' id='line_1_23' title="bbox 97 2104 845 2183; baseline -0.005 -15"><span class='ocrx_word' id='word_1_142' title='bbox 97 2105 271 2183; x_wconf 67' lang='lat' dir='ltr'>„Coniugis</span> <span class='ocrx_word' id='word_1_143' title='bbox 287 2120 341 2164; x_wconf 88' lang='lat' dir='ltr'>ora</span> <span class='ocrx_word' id='word_1_144' title='bbox 354 2105 454 2165; x_wconf 92' lang='lat' dir='ltr'>modis</span> <span class='ocrx_word' id='word_1_145' title='bbox 469 2105 610 2164; x_wconf 86' lang='lat' dir='ltr'>attollens</span> <span class='ocrx_word' id='word_1_146' title='bbox 624 2105 739 2180; x_wconf 86' lang='lat' dir='ltr'>pallida</span> <span class='ocrx_word' id='word_1_147' title='bbox 751 2104 845 2176; x_wconf 70' lang='lat' dir='ltr'>miris</span> 
     </span>
     <span class='ocr_line' id='line_1_24' title="bbox 97 2188 785 2267; baseline -0.004 -16"><span class='ocrx_word' id='word_1_148' title='bbox 97 2188 263 2267; x_wconf 81' lang='lat' dir='ltr'>„Crudeles</span> <span class='ocrx_word' id='word_1_149' title='bbox 278 2204 349 2247; x_wconf 86' lang='lat' dir='ltr'>aras</span> <span class='ocrx_word' id='word_1_150' title='bbox 362 2188 550 2264; x_wconf 86' lang='lat' dir='ltr'>traiectaque</span> <span class='ocrx_word' id='word_1_151' title='bbox 565 2196 692 2264; x_wconf 87' lang='lat' dir='ltr'>pectora</span> <span class='ocrx_word' id='word_1_152' title='bbox 705 2189 785 2248; x_wconf 90' lang='lat' dir='ltr'>lerro</span> 
     </span>
     <span class='ocr_line' id='line_1_25' title="bbox 98 2272 943 2351; baseline -0.004 -17"><span class='ocrx_word' id='word_1_153' title='bbox 98 2273 256 2351; x_wconf 73' lang='lat' dir='ltr'>„Nudavit</span> <span class='ocrx_word' id='word_1_154' title='bbox 271 2286 458 2347; x_wconf 89' lang='lat' dir='ltr'>caecumque</span> <span class='ocrx_word' id='word_1_155' title='bbox 473 2272 583 2333; x_wconf 89' lang='lat' dir='ltr'>domus</span> <span class='ocrx_word' id='word_1_156' title='bbox 598 2274 700 2333; x_wconf 89' lang='lat' dir='ltr'>scelus</span> <span class='ocrx_word' id='word_1_157' title='bbox 716 2287 806 2332; x_wconf 91' lang='lat' dir='ltr'>omne</span> <span class='ocrx_word' id='word_1_158' title='bbox 819 2272 943 2343; x_wconf 88' lang='lat' dir='ltr'>retexit;</span> 
     </span>
     <span class='ocr_line' id='line_1_26' title="bbox 98 2356 932 2434; baseline -0.002 -17"><span class='ocrx_word' id='word_1_159' title='bbox 98 2358 192 2434; x_wconf 89' lang='lat' dir='ltr'>„Tum</span> <span class='ocrx_word' id='word_1_160' title='bbox 207 2357 341 2416; x_wconf 87' lang='lat' dir='ltr'>celerare</span> <span class='ocrx_word' id='word_1_161' title='bbox 356 2357 459 2432; x_wconf 87' lang='lat' dir='ltr'>lugam</span> <span class='ocrx_word' id='word_1_162' title='bbox 472 2356 635 2432; x_wconf 89' lang='lat' dir='ltr'>patriaque</span> <span class='ocrx_word' id='word_1_163' title='bbox 649 2356 800 2416; x_wconf 85' lang='lat' dir='ltr'>excedere</span> <span class='ocrx_word' id='word_1_164' title='bbox 814 2357 932 2429; x_wconf 65' lang='lat' dir='ltr'>suadet,</span> 
     </span>
     <span class='ocr_line' id='line_1_27' title="bbox 97 2439 818 2521; baseline -0.004 -20"><span class='ocrx_word' id='word_1_165' title='bbox 97 2440 336 2521; x_wconf 78' lang='lat' dir='ltr'>„Auxiliumque</span> <span class='ocrx_word' id='word_1_166' title='bbox 352 2441 421 2501; x_wconf 90' lang='lat' dir='ltr'>viae</span> <span class='ocrx_word' id='word_1_167' title='bbox 433 2448 554 2501; x_wconf 86' lang='lat' dir='ltr'>veteres</span> <span class='ocrx_word' id='word_1_168' title='bbox 568 2440 676 2501; x_wconf 89' lang='lat' dir='ltr'>tellure</span> <span class='ocrx_word' id='word_1_169' title='bbox 689 2439 818 2498; x_wconf 86' lang='lat' dir='ltr'>recludit</span> 
     </span>
     <span class='ocr_line' id='line_1_28' title="bbox 98 2523 852 2602; baseline -0.001 -18"><span class='ocrx_word' id='word_1_170' title='bbox 98 2524 300 2602; x_wconf 72' lang='lat' dir='ltr'>„Thesauros</span> <span class='ocrx_word' id='word_1_171' title='bbox 314 2524 451 2600; x_wconf 87' lang='lat' dir='ltr'>ignotum</span> <span class='ocrx_word' id='word_1_172' title='bbox 465 2524 581 2599; x_wconf 82' lang='lat' dir='ltr'>argenti</span> <span class='ocrx_word' id='word_1_173' title='bbox 595 2523 718 2599; x_wconf 89' lang='lat' dir='ltr'>pondus</span> <span class='ocrx_word' id='word_1_174' title='bbox 734 2530 764 2583; x_wconf 90' lang='lat' dir='ltr'>et</span> <span class='ocrx_word' id='word_1_175' title='bbox 777 2524 852 2583; x_wconf 89' lang='lat' dir='ltr'>auri.</span> 
     </span>
    </p>

    <p class='ocr_par' dir='ltr' id='par_1_3' title="bbox 91 2607 1057 3524">
     <span class='ocr_line' id='line_1_29' title="bbox 98 2607 883 2686; baseline -0.003 -17"><span class='ocrx_word' id='word_1_176' title='bbox 98 2608 172 2686; x_wconf 89' lang='lat' dir='ltr'>„His</span> <span class='ocrx_word' id='word_1_177' title='bbox 188 2614 340 2668; x_wconf 91' lang='lat' dir='ltr'>commota</span> <span class='ocrx_word' id='word_1_178' title='bbox 353 2609 455 2684; x_wconf 89' lang='lat' dir='ltr'>lugam</span> <span class='ocrx_word' id='word_1_179' title='bbox 469 2608 548 2668; x_wconf 87' lang='lat' dir='ltr'>Dido</span> <span class='ocrx_word' id='word_1_180' title='bbox 563 2609 731 2684; x_wconf 89' lang='lat' dir='ltr'>sociosque</span> <span class='ocrx_word' id='word_1_181' title='bbox 745 2607 883 2684; x_wconf 86' lang='lat' dir='ltr'>parabat</span> 
     </span>
     <span class='ocr_line' id='line_1_30' title="bbox 99 2691 901 2769; baseline -0.006 -15"><span class='ocrx_word' id='word_1_182' title='bbox 99 2691 317 2769; x_wconf 73' lang='lat' dir='ltr'>„Conveniunt</span> <span class='ocrx_word' id='word_1_183' title='bbox 333 2693 445 2767; x_wconf 88' lang='lat' dir='ltr'>quibus</span> <span class='ocrx_word' id='word_1_184' title='bbox 460 2700 512 2753; x_wconf 88' lang='lat' dir='ltr'>aut</span> <span class='ocrx_word' id='word_1_185' title='bbox 525 2692 628 2753; x_wconf 92' lang='lat' dir='ltr'>odium</span> <span class='ocrx_word' id='word_1_186' title='bbox 643 2693 767 2752; x_wconf 89' lang='lat' dir='ltr'>crudele</span> <span class='ocrx_word' id='word_1_187' title='bbox 780 2691 901 2768; x_wconf 81' lang='lat' dir='ltr'>tyranni</span> 
     </span>
     <span class='ocr_line' id='line_1_31' title="bbox 99 2777 933 2853; baseline -0.005 -16"><span class='ocrx_word' id='word_1_188' title='bbox 99 2777 179 2853; x_wconf 87' lang='lat' dir='ltr'>„Aut</span> <span class='ocrx_word' id='word_1_189' title='bbox 192 2782 290 2837; x_wconf 90' lang='lat' dir='ltr'>metus</span> <span class='ocrx_word' id='word_1_190' title='bbox 305 2791 377 2836; x_wconf 89' lang='lat' dir='ltr'>acer</span> <span class='ocrx_word' id='word_1_191' title='bbox 390 2783 468 2847; x_wconf 87' lang='lat' dir='ltr'>erat;</span> <span class='ocrx_word' id='word_1_192' title='bbox 491 2792 597 2849; x_wconf 86' lang='lat' dir='ltr'>naves,</span> <span class='ocrx_word' id='word_1_193' title='bbox 614 2792 693 2851; x_wconf 89' lang='lat' dir='ltr'>quae</span> <span class='ocrx_word' id='word_1_194' title='bbox 707 2777 785 2836; x_wconf 86' lang='lat' dir='ltr'>forte</span> <span class='ocrx_word' id='word_1_195' title='bbox 799 2782 933 2850; x_wconf 87' lang='lat' dir='ltr'>paratae,</span> 
     </span>
     <span class='ocr_line' id='line_1_32' title="bbox 99 2859 876 2937; baseline -0.006 -15"><span class='ocrx_word' id='word_1_196' title='bbox 99 2859 290 2937; x_wconf 79' lang='lat' dir='ltr'>„corripiunt</span> <span class='ocrx_word' id='word_1_197' title='bbox 304 2868 492 2935; x_wconf 88' lang='lat' dir='ltr'>onerantque</span> <span class='ocrx_word' id='word_1_198' title='bbox 506 2876 596 2920; x_wconf 77' lang='lat' dir='ltr'>auro:</span> <span class='ocrx_word' id='word_1_199' title='bbox 618 2867 778 2936; x_wconf 89' lang='lat' dir='ltr'>portantur</span> <span class='ocrx_word' id='word_1_200' title='bbox 792 2859 876 2919; x_wconf 83' lang='lat' dir='ltr'>avari</span> 
     </span>
     <span class='ocr_line' id='line_1_33' title="bbox 98 2943 888 3023; baseline -0.004 -19"><span class='ocrx_word' id='word_1_201' title='bbox 98 2944 324 3023; x_wconf 65' lang='lat' dir='ltr'>,l’ygmalionis</span> <span class='ocrx_word' id='word_1_202' title='bbox 339 2960 416 3020; x_wconf 92' lang='lat' dir='ltr'>opes</span> <span class='ocrx_word' id='word_1_203' title='bbox 431 2945 558 3020; x_wconf 86' lang='lat' dir='ltr'>pelago;</span> <span class='ocrx_word' id='word_1_204' title='bbox 583 2945 646 3004; x_wconf 83' lang='lat' dir='ltr'>dux</span> <span class='ocrx_word' id='word_1_205' title='bbox 660 2945 793 3005; x_wconf 83' lang='lat' dir='ltr'>foemina</span> <span class='ocrx_word' id='word_1_206' title='bbox 807 2943 888 3003; x_wconf 80' lang='lat' dir='ltr'>lach.</span> 
     </span>
     <span class='ocr_line' id='line_1_34' title="bbox 98 3028 811 3105; baseline -0.004 -15"><span class='ocrx_word' id='word_1_207' title='bbox 98 3028 277 3105; x_wconf 88' lang='lat' dir='ltr'>„Devenere</span> <span class='ocrx_word' id='word_1_208' title='bbox 291 3029 387 3104; x_wconf 89' lang='lat' dir='ltr'>locos,</span> <span class='ocrx_word' id='word_1_209' title='bbox 402 3028 455 3088; x_wconf 91' lang='lat' dir='ltr'>ubi</span> <span class='ocrx_word' id='word_1_210' title='bbox 469 3044 549 3088; x_wconf 89' lang='lat' dir='ltr'>nune</span> <span class='ocrx_word' id='word_1_211' title='bbox 563 3028 697 3104; x_wconf 87' lang='lat' dir='ltr'>ingentia</span> <span class='ocrx_word' id='word_1_212' title='bbox 711 3028 811 3088; x_wconf 88' lang='lat' dir='ltr'>cernis</span> 
     </span>
     <span class='ocr_line' id='line_1_35' title="bbox 98 3112 934 3189; baseline -0.004 -16"><span class='ocrx_word' id='word_1_213' title='bbox 98 3112 240 3189; x_wconf 88' lang='lat' dir='ltr'>„Moenia</span> <span class='ocrx_word' id='word_1_214' title='bbox 255 3120 489 3189; x_wconf 83' lang='lat' dir='ltr'>surgentemque</span> <span class='ocrx_word' id='word_1_215' title='bbox 503 3129 605 3173; x_wconf 91' lang='lat' dir='ltr'>novae</span> <span class='ocrx_word' id='word_1_216' title='bbox 620 3112 809 3188; x_wconf 84' lang='lat' dir='ltr'>Carthaginis</span> <span class='ocrx_word' id='word_1_217' title='bbox 825 3125 934 3186; x_wconf 80' lang='lat' dir='ltr'>arcem,</span> 
     </span>
     <span class='ocr_line' id='line_1_36' title="bbox 98 3195 862 3273; baseline -0.004 -16"><span class='ocrx_word' id='word_1_218' title='bbox 98 3195 306 3272; x_wconf 87' lang='lat' dir='ltr'>„Mercatique</span> <span class='ocrx_word' id='word_1_219' title='bbox 320 3199 429 3271; x_wconf 88' lang='lat' dir='ltr'>solum,</span> <span class='ocrx_word' id='word_1_220' title='bbox 446 3197 516 3257; x_wconf 88' lang='lat' dir='ltr'>lacti</span> <span class='ocrx_word' id='word_1_221' title='bbox 531 3197 570 3257; x_wconf 90' lang='lat' dir='ltr'>de</span> <span class='ocrx_word' id='word_1_222' title='bbox 585 3198 708 3257; x_wconf 90' lang='lat' dir='ltr'>nomine</span> <span class='ocrx_word' id='word_1_223' title='bbox 722 3196 862 3273; x_wconf 86' lang='lat' dir='ltr'>Byrsam,</span> 
     </span>
     <span class='ocr_line' id='line_1_37' title="bbox 100 3280 887 3357; baseline -0.004 -17"><span class='ocrx_word' id='word_1_224' title='bbox 100 3280 248 3355; x_wconf 86' lang='lat' dir='ltr'>‚,Taurino</span> <span class='ocrx_word' id='word_1_225' title='bbox 265 3290 409 3356; x_wconf 90' lang='lat' dir='ltr'>quantum</span> <span class='ocrx_word' id='word_1_226' title='bbox 423 3289 554 3357; x_wconf 89' lang='lat' dir='ltr'>possent</span> <span class='ocrx_word' id='word_1_227' title='bbox 568 3282 755 3341; x_wconf 87' lang='lat' dir='ltr'>circumdare</span> <span class='ocrx_word' id='word_1_228' title='bbox 769 3288 887 3355; x_wconf 86' lang='lat' dir='ltr'>tergo...</span> 
     </span>
     <span class='ocr_line' id='line_1_38' title="bbox 91 3361 948 3442; baseline 0 -18"><span class='ocrx_word' id='word_1_229' title='bbox 91 3363 183 3437; x_wconf 66' lang='lat' dir='ltr'>„Sed</span> <span class='ocrx_word' id='word_1_230' title='bbox 197 3380 256 3425; x_wconf 87' lang='lat' dir='ltr'>vos</span> <span class='ocrx_word' id='word_1_231' title='bbox 272 3366 468 3440; x_wconf 77' lang='lat' dir='ltr'>quirendam,</span> <span class='ocrx_word' id='word_1_232' title='bbox 485 3364 597 3442; x_wconf 92' lang='lat' dir='ltr'>quibus</span> <span class='ocrx_word' id='word_1_233' title='bbox 613 3372 666 3427; x_wconf 89' lang='lat' dir='ltr'>aut</span> <span class='ocrx_word' id='word_1_234' title='bbox 678 3364 806 3425; x_wconf 91' lang='lat' dir='ltr'>venistis</span> <span class='ocrx_word' id='word_1_235' title='bbox 821 3362 860 3423; x_wconf 89' lang='lat' dir='ltr'>ab</span> <span class='ocrx_word' id='word_1_236' title='bbox 876 3361 948 3439; x_wconf 88' lang='lat' dir='ltr'>oris,</span> 
     </span>
     <span class='ocr_line' id='line_1_39' title="bbox 98 3447 1057 3524; baseline -0.002 -13"><span class='ocrx_word' id='word_1_237' title='bbox 98 3447 225 3522; x_wconf 82' lang='lat' dir='ltr'>„Quove</span> <span class='ocrx_word' id='word_1_238' title='bbox 240 3450 348 3511; x_wconf 86' lang='lat' dir='ltr'>tenetis</span> <span class='ocrx_word' id='word_1_239' title='bbox 362 3451 458 3512; x_wconf 75' lang='lat' dir='ltr'>iterr‘</span> <span class='ocrx_word' id='word_1_240' title='bbox 479 3449 639 3524; x_wconf 78' lang='lat' dir='ltr'>Quaerenti</span> <span class='ocrx_word' id='word_1_241' title='bbox 653 3449 763 3511; x_wconf 87' lang='lat' dir='ltr'>talibus</span> <span class='ocrx_word' id='word_1_242' title='bbox 778 3447 829 3507; x_wconf 93' lang='lat' dir='ltr'>ille</span> <span class='ocrx_word' id='word_1_243' title='bbox 1001 3452 1057 3511; x_wconf 77' lang='lat'>³70</span> 
     </span>
    </p>
   </div>
   <div class='ocr_carea' id='block_1_3' title="bbox 0 0 1169 3780">
    <p class='ocr_par' dir='ltr' id='par_1_4' title="bbox 0 0 1169 3780">
     <span class='ocr_line' id='line_1_40' title="bbox 0 0 1169 3780; baseline 0 0"><span class='ocrx_word' id='word_1_244' title='bbox 0 0 1169 3780; x_wconf 95' lang='lat' dir='ltr'> </span> 
     </span>
    </p>
   </div>
  </div>
 </body>
</html>
