2326 3780
426 112 647 174 GEORGICON
665 113 738 173 LIB.
754 114 777 172 1.
1038 112 1080 178 35
1137 140 1146 155 ·

125 267 209 343 Quae
223 267 379 342 vigilanda
392 265 484 338 viris;
507 266 559 327 vel
572 282 666 343 quum
680 266 740 326 ruit
754 264 939 329 imbriferam
951 284 1016 346 ver,

125 353 238 429 Spicea
252 353 313 411 iam
328 352 444 427 campis
461 367 555 426 quum
568 351 680 412 messis
695 349 852 425 inhorruit,
866 357 898 413 et
912 369 1006 427 quum

123 437 287 497 Frumenta
301 435 332 495 in
345 436 436 496 viridi
451 436 564 511 stipula
578 435 720 495 lactentia
736 441 878 510 turgente
1025 447 1079 502 315

126 523 229 596 Saepe
243 535 311 596 ego,
326 537 420 599 quum
435 519 526 581 flavis
541 534 712 580 messorem
726 519 885 580 induceret
899 521 981 583 arvis

124 606 269 682 Agricola
283 611 314 664 et
328 605 426 680 tragili
440 605 501 665 iam
515 604 676 680 stringeret
689 600 807 664 horde'a
820 606 931 679 cadmo,

126 690 233 750 Omnia
246 696 407 750 ventorum
422 703 604 749 concurrere
617 689 736 766 proelia
748 688 822 762 vidi,

126 776 209 848 Quae
223 774 381 849 gravidam
395 775 455 833 late
471 778 606 847 segetem
621 772 659 832 ab
673 772 829 833 radicibus
844 772 913 833 imis

125 859 260 921 Sublime
276 859 437 935 expulsam
451 863 605 918 eruerent:
628 857 670 919 ita
683 857 802 918 turbine
816 857 903 932 nigro
1027 866 1081 920 tho

122 945 225 1004 Ferret
240 943 337 1004 hiems
353 944 546 1016 culmumque
560 943 660 1002 levem
675 941 867 1019 stipulasque
879 941 1030 1001 volantes.
1128 990 1130 997 .

123 1028 224 1104 Saepe
239 1029 329 1088 etiam
344 1028 525 1087 immensum
540 1029 628 1087 coelo
642 1027 727 1087 venit
740 1041 849 1101 agmen
864 1041 1022 1101 aquarum,

121 1114 159 1173 Et
173 1113 296 1173 foedam
310 1114 480 1187 glomerant
492 1116 703 1186 tempestatem
716 1110 864 1171 imbribus
879 1109 952 1170 atris

124 1198 276 1257 Colleotae
291 1211 331 1255 ex
345 1198 407 1255 alto
420 1195 535 1267 nubes;
557 1196 617 1256 ruit
631 1197 745 1257 arduus
760 1195 873 1269 aether,

121 1281 161 1340 Et
175 1281 280 1356 pluvia
292 1280 407 1354 ingenti
422 1285 489 1338 sata
502 1280 583 1338 laeta
595 1279 750 1354 boumque
764 1279 887 1339 labores
1027 1287 1078 1340 325

124 1363 231 1431 Diluit3
254 1362 416 1436 implentur
429 1362 544 1434 iassae,
560 1369 590 1421 et
604 1376 681 1421 aava
694 1361 821 1422 ilumina
834 1369 974 1424 crescunt

125 1446 201 1505 Cum
216 1444 327 1516 sonitu,
342 1444 502 1520 fervetque
517 1445 600 1504 iretis
617 1444 802 1521 spirantibus
816 1440 942 1520 aequor.

123 1531 198 1605 Ipse
211 1527 300 1586 Pater
313 1527 415 1586 media
429 1526 601 1588 nimborum
614 1530 645 1587 in
660 1533 750 1587 nocte
765 1534 895 1588 corusca
1015 1564 1018 1570 -

123 1611 262 1672 Fulmina
277 1611 398 1672 molitur
412 1611 529 1683 dextra,
547 1628 607 1685 quo
622 1612 755 1671 maxima
768 1619 852 1672 motu

123 1698 217 1757 Terra
230 1695 337 1768 tremit,
353 1696 458 1770 lugere
472 1695 556 1755 ferae
571 1702 601 1755 et
615 1696 755 1756 mortalia
769 1695 864 1755 corda
1027 1702 1079 1757 330

123 1782 182 1841 Per
195 1786 300 1855 gentes
315 1779 437 1840 humilis
454 1780 561 1840 stravit
574 1793 686 1856 pavor;
710 1779 760 1839 ille
774 1777 915 1854 flagranti

122 1867 184 1926 Aut
197 1865 300 1924 Athon
315 1871 367 1924 aut
379 1864 554 1941 Rhodopen
569 1871 621 1925 aut
631 1866 693 1924 alta
704 1863 852 1924 Ceraunia
864 1858 925 1923 'telo

122 1950 247 2019 Delicit;
272 1950 458 2024 ingeminant
470 1949 576 2009 Austri
590 1956 620 2009 et
635 1941 840 2010 densissimus
853 1946 959 2022 imber,

122 2035 208 2094 Nunc
222 2047 348 2093 nemora
360 2034 474 2108 ingenti
489 2039 591 2109 vento,
606 2035 686 2095 nanc
700 2034 791 2094 litora
804 2033 960 2111 plangunt.

121 2119 189 2179 Hoc
203 2126 351 2191 metuens,
367 2118 446 2178 coeli
460 2133 583 2184 meuses
598 2126 628 2178 et
643 2118 747 2180 sidera
760 2134 866 2178 serva:
892 2120 895 2125 ’
1024 2124 1076 2181 335

122 2203 245 2278 Frigida
260 2201 381 2262 Saturni
396 2217 468 2262 sese
483 2218 544 2277 quo
560 2205 648 2263 stella
661 2209 805 2278 receptet,

123 2287 207 2362 Quos
222 2286 300 2361 ignis
317 2287 403 2347 coelo
419 2286 574 2364 Cyllenius
590 2293 670 2350 erret
681 2287 714 2346 in
730 2286 831 2347 orbes.

164 2370 305 2446 Inprimis
320 2382 468 2431 venerare
482 2371 569 2444 deos,
585 2377 677 2447 atque
692 2386 794 2432 annua
808 2385 935 2445 magnae

123 2456 220 2516 Sacra
233 2455 314 2514 reier
329 2454 430 2514 Cereri
444 2454 532 2515 laetis
548 2461 693 2532 operatus
707 2455 738 2515 in
752 2454 856 2515 herbis

120 2539 284 2600 Extremae
298 2538 356 2598 sub
372 2554 477 2599 casum
490 2539 609 2613 hiemis,
625 2540 686 2600 iam
698 2555 773 2600 vere
788 2540 907 2600 sereno.
1023 2546 1075 2600 34⁰

121 2623 198 2683 Tum
211 2623 341 2698 pingues
357 2623 427 2698 agni
443 2630 473 2683 et
486 2631 557 2683 tum
563 2625 743 2685 mollissima
755 2624 837 2698 vina

122 2707 198 2767 'lbnn
212 2707 311 2767 somni
326 2707 432 2766 dulces
448 2708 626 2783 densaeque
640 2709 670 2768 in
685 2708 838 2769 montibus
853 2707 987 2768 umbrae.

124 2791 206 2850 Cunc
264 2790 304 2850 'bi
319 2791 459 2851 Cererem
471 2791 571 2868 pubes
586 2794 715 2868 agrestis
731 2793 853 2864 adoret3

123 2874 178 2935 Cui
192 2882 222 2934 tu
248 2882 314 2936 acte
329 2875 417 2936 favos
433 2883 463 2936 et
475 2876 539 2936 miti
554 2876 635 2937 dilue
648 2877 780 2952 Baccho,
1082 2912 1087 2925 ι

121 2959 241 3034 Terque
255 2975 352 3021 novas
368 2960 481 3020 circum
495 2962 568 3021 ielix
582 2967 631 3021 eat
643 2962 745 3023 hostia
758 2960 872 3037 fruges,
1022 2968 1073 3024 345

123 3042 228 3104 Omnis
243 3061 334 3120 quam
349 3044 461 3105 chorus
476 3052 506 3105 et
520 3045 597 3106 socii
611 3047 791 3108 comitentur
805 3049 942 3121 ovantes,

120 3129 159 3189 Et
174 3128 313 3188 cererem
328 3130 460 3189 clamore
473 3136 585 3190 vocent
597 3130 628 3190 in
643 3137 731 3192 tecta.
765 3130 872 3204 lleque
885 3134 956 3190 ante

120 3212 243 3273 Falcem
257 3212 380 3293 maturis
396 3214 559 3291 quisquam
573 3222 728 3291 supponat
740 3213 850 3288 aristis,

122 3296 219 3370 Quam
233 3296 333 3357 cereri
348 3296 426 3358 torta
439 3299 595 3361 redimitus
610 3306 748 3376 tempora
763 3312 877 3372 quercu

121 3379 181 3441 Det
194 3387 295 3443 motus
309 3381 531 3460 incompositos
545 3391 576 3447 et
589 3384 724 3445 carmina
737 3382 828 3456 dicat¹
1025 3385 1091 3439 aba

836 3466 885 3533 3*
