2326 3780
350 114 544 177 AENEIDOS
564 116 637 175 LlB.
651 116 731 177 vlll.
956 116 1023 181 239

65 268 308 345 „Turbatumque
324 268 431 327 oculis.
465 267 554 343 Fugit
567 267 648 327 ilicet
661 267 747 329 ocior
757 268 850 342 Euro,
930 262 933 267 ’
982 322 987 333 .

66 352 334 429 „Speluncamque
349 352 437 427 petit:
459 352 592 426 pedibus
606 350 696 413 timor
708 352 828 413 addidit
840 354 915 415 alas.

66 437 125 512 „Ut
140 452 211 496 sese
226 436 355 509 inclusit,
370 436 530 511 ruptisque
544 436 675 496 immane
688 436 804 495 catenis
967 446 1021 501 aas

66 520 203 597 „Deiecit
218 535 334 593 saxum,
351 520 430 578 lerro
447 519 531 593 quod
545 526 575 578 et
588 524 653 578 arte
666 526 794 595 patema

66 603 249 679 „Pendebat
265 603 420 677 lultosque
435 603 559 662 emuniit
572 603 671 663 obiice
686 609 809 679 postes;

66 688 166 763 „Ecce
181 689 283 765 lurens
298 687 407 746 animis
422 687 528 747 aderat
540 686 723 762 Tirynthius,
739 702 920 764 omnemque

66 770 257 846 „Accessum
271 772 403 830 lustrans
417 770 477 831 huc
492 786 547 829 ora
561 771 678 832 ferebat
691 771 814 843 stillae,

66 855 232 928 „Dentibus
248 855 435 915 infrendens.
468 854 635 915 'sertatum
650 855 788 915 lervldus
803 856 849 915 ira
968 866 1022 922 aaa
1082 854 1086 867 '

65 938 205 1014 „Lustrat
218 938 361 998 Aventini
375 944 517 1012 montem,
529 944 577 997 ter
590 954 686 998 saxea
699 945 794 999 tentat
892 984 896 992 .

64 1021 202 1098 „Limina
215 1022 430 1097 nequidquam,
447 1018 492 1081 tei
506 1023 608 1082 lessus
623 1023 703 1082 valle
716 1023 841 1083 resedit.

65 1103 191 1181 „Stabat
206 1112 295 1165 acuta
308 1106 395 1178 silex,
411 1106 560 1181 praecisis
574 1107 710 1182 undique
724 1107 809 1168 sartis

65 1190 257 1266 „Speluncae
270 1190 366 1249 dorso
380 1189 552 1264 insurgens,
568 1191 714 1250 altissima
728 1192 806 1265 visu,

65 1275 224 1350 „Dirarum
238 1274 319 1334 nidis
335 1274 444 1333 domus
460 1280 633 1349 opportuna
644 1277 817 1340 volucrum:
968 1284 1022 1339 235

65 1359 180 1433 „Hanc
195 1364 229 1418 ut
241 1365 340 1432 prona
354 1358 425 1432 iugo
440 1358 561 1417 laevum
576 1358 769 1417 incumbebat
781 1360 822 1418 ad
836 1374 964 1435 amnem,
1069 1360 1072 1365 ’

66 1440 200 1515 „Dexter
213 1439 243 1500 in
257 1441 422 1500 adversum
436 1441 534 1500 nitens
550 1442 714 1516 concussit,
729 1448 760 1501 et
774 1442 842 1501 imis

67 1524 236 1598 „Avulsam
249 1524 343 1582 solvit
355 1523 519 1596 radicibus,
535 1524 607 1582 inde
620 1531 747 1599 repente

67 1604 222 1681 „impulit3
244 1606 378 1681 impulsu
392 1622 453 1680 quo
467 1608 618 1667 maximus
632 1608 749 1669 intonat
762 1607 874 1681 aether,
899 1604 902 1609 '

67 1690 253 1766 „Dissultant
266 1691 352 1765 ripae
366 1689 527 1765 refluitque
541 1691 702 1752 exterritus
716 1691 824 1751 amnis.
969 1698 1024 1753 240

66 1777 127 1849 „At
142 1787 254 1849 specus
270 1782 300 1833 et
314 1773 384 1833 Caci
399 1775 518 1834 detecta
533 1775 675 1851 apparuit
687 1775 796 1850 ingens
934 1771 938 1777 '

66 1857 191 1933 „Regia
207 1864 237 1919 et
250 1856 414 1918 umbrosae
428 1858 551 1935 penitus
564 1864 692 1936 patuere
707 1874 864 1933 cavernae,

67 1943 154 2017 „Non
169 1958 270 2019 secus,
285 1959 322 2003 ac
337 1944 364 2004 si
381 1960 441 2021 qua
453 1945 577 2021 penitus
592 1945 622 2003 vi
635 1951 718 2005 terra
731 1944 895 2005 dehiscens

67 2027 226 2102 „lnlernas
240 2036 358 2087 reseret
372 2029 464 2089 sedes
479 2035 510 2088 et
523 2044 619 2104 regna
631 2028 768 2088 recludat

67 2110 276 2185 „Pallida-dis
291 2113 400 2185 invisa,
417 2128 573 2190 superque
587 2114 717 2173 immane
730 2112 905 2173 barathrum
970 2124 1024 2179 245

68 2194 241 2270 „Cematrm
256 2196 471 2272 trepidantque
484 2197 621 2257 immisso
637 2195 749 2257 lumine
762 2196 879 2257 Manes.

68 2276 168 2352 „Ergo
183 2278 337 2355 insperata
352 2280 537 2356 deprensum
552 2282 581 2340 in
596 2281 664 2340 luce
677 2286 812 2357 repente,

69 2360 303 2437 „Inclusumque
318 2378 394 2423 cavo
410 2379 487 2425 saxo
502 2372 594 2439 atque
607 2363 728 2423 insueta
741 2365 907 2437 rudentem,

68 2443 227 2519 „Desuper
240 2446 366 2506 Alcides
380 2448 448 2507 telis
464 2449 580 2522 premit,
597 2449 760 2524 omniaque
775 2463 859 2507 arma

67 2528 236 2603 „Advocat
253 2532 388 2590 eiramis
403 2533 561 2607 vastisque
575 2532 740 2592 molaribus
755 2532 856 2592 instat.
970 2538 1026 2591 250

67 2612 141 2688 „llle
155 2619 254 2673 autem
269 2616 491 2688 -nequeenim
506 2617 578 2691 luga
591 2616 650 2676 iam
666 2631 760 2693 super
772 2617 835 2677 ulla
847 2614 953 2692 pericli
1017 2621 1022 2633 ·

67 2695 239 2771 „Faucibus
255 2698 405 2773 ingentem
421 2700 535 2761 lumum
548 2732 560 2742 -
575 2700 712 2760 mirabile
726 2700 810 2760 dictu
820 2732 833 2741 ·

66 2781 214 2855 „Evomit
230 2782 419 2879 involvitque
434 2784 556 2844 domum
571 2784 699 2860 caligine
714 2799 816 2858 caeca,

66 2827 283 2947 „Prospectum
298 2866 431 2943 eripiens
446 2869 551 2942 oculis,
566 2869 776 2965 glomeratque
791 2866 848 2927 sub
862 2872 949 2925 antro

67 2940 267 3023 „Fumileram
281 2959 400 3011 noctem
416 2953 586 3012 commixtis
600 2953 685 3048 igne
685 2950 827 3012 tenebris.
970 2958 1025 3011 255

67 3031 155 3104 N„on
170 3032 235 3092 tulit
247 3034 373 3095 Alcides
388 3038 505 3109 animis,
521 3052 618 3111 seque
631 3010 701 3110 ipse
716 3034 884 3110 perignem

68 3113 248 3190 „Praecipiti
263 3117 333 3176 iecit
348 3119 435 3193 saltu,
453 3137 513 3195 qua
526 3120 672 3195 plurimus
687 3119 800 3178 undam

68 3196 202 3271 „Fumus
217 3200 279 3274 agit
292 3200 485 3276 nebulaque
478 3219 585 3278 ingens
601 3217 713 3277 specus
728 3207 845 3260 aestuat
859 3205 933 3259 atra.

68 3281 146 3357 „ilic
161 3281 272 3341 Cacum
286 3284 316 3342 in
331 3286 464 3345 tenebris
479 3285 620 3345 incendia
631 3300 713 3343 vana
728 3289 898 3342 vomentem

67 3363 228 3442 „Corripit
245 3367 276 3426 in
289 3369 403 3429 nodum
418 3372 607 3444 complexus,
622 3375 652 3427 et
666 3368 749 3443 angit
761 3367 930 3428 inhaerens
974 3376 1038 3426 'usa
