2326 3780
416 168 527 230 clais.
888 165 953 231 adt

121 322 229 383 snihil
241 336 314 383 csse
326 320 409 396 mihi,
425 337 492 380 cum
506 328 626 380 maesta
639 322 775 395 parantis

121 422 180 467 sos
195 405 308 466 circum
323 406 410 480 virgo
425 420 582 464 morerere
594 405 744 480 capillos?
899 412 952 468 ass

121 491 166 564 lhi,
181 505 221 551 ne
235 490 319 550 nnor
332 490 384 549 illo
396 496 467 549 tuos
482 487 631 548 invaserit
645 494 738 567 artus,

122 573 214 635 rabae
227 573 372 650 Myrrhae
386 572 544 648 quondam
559 571 610 646 qui
626 562 708 646 cepit
723 573 849 646 ocellos,

122 659 185 719 lere
199 658 335 731 infando,
351 657 435 732 quod
448 672 507 716 nec
521 655 595 717 sinit
607 656 770 727 Adrastea,

122 758 149 802 re
161 748 326 817 utrumque
340 756 402 801 uno
418 741 545 801 studeas
560 755 664 800 errore
679 746 850 815 parentam!

123 827 142 887 si
157 826 218 886 alio
235 825 346 902 quovis
362 826 463 885 animo
478 825 601 885 iactaris
615 839 744 885 amore-
901 830 955 884 alb

123 910 258 982 tiactari,
273 925 336 969 non
351 915 398 970 est
410 909 592 970 Amathusia
604 907 701 969 nostri

123 995 194 1067 ldis,
210 1001 243 1054 ut
256 995 338 1054 nullo
354 994 473 1070 possim
487 994 678 1069 cognoscere
693 993 782 1068 signo
792 1024 820 1067 -,

123 1094 230 1139 cessus
245 1095 331 1139 amor
344 1086 416 1138 noto
431 1085 461 1138 te
475 1083 610 1138 macerat
622 1078 709 1152 ignez

123 1163 136 1221 i
149 1162 320 1240 Dictynnae
333 1163 509 1239 praesentia
522 1163 646 1222 numina
659 1162 736 1235 iuro,
804 1218 806 1222 ,

126 1245 218 1307 deum
234 1262 314 1322 quae
328 1247 417 1306 dulce
429 1246 504 1305 mihi
517 1254 549 1307 te
563 1247 658 1307 donat
671 1247 833 1320 alumnam,
902 1248 954 1307 ²46

136 1347 184 1390 me
199 1328 302 1406 potius
316 1331 410 1404 digna
424 1337 516 1405 atque
530 1331 656 1404 indigna
669 1329 805 1390 laborum
986 1346 990 1353 ’

124 1415 266 1487 visuram,
283 1430 375 1488 quarn
387 1420 418 1473 te
431 1420 493 1472 tam
506 1412 645 1473 tristibus
659 1412 727 1472 istis
787 1452 792 1463 ι

124 1513 153 1557 rs
169 1504 199 1556 et
213 1496 321 1556 morbo
336 1497 435 1572 patiar
447 1495 607 1556 tabescere
619 1496 702 1556 tali.“

125 1582 234 1656 quitur,
248 1581 394 1656 mollique
407 1586 441 1641 ut
455 1596 489 1641 se
503 1581 617 1640 velavit
630 1580 750 1652 amictu,
784 1575 786 1579 ’

124 1683 177 1726 ‚am
191 1665 302 1724 iniecta
313 1665 480 1726 circumdat
493 1671 580 1724 veste
593 1664 735 1740 puellam,
775 1680 779 1689 ’
901 1673 956 1727 lto

124 1748 178 1809 ius
193 1750 223 1808 in
237 1749 320 1808 tenui
335 1754 459 1809 steterat
473 1749 630 1809 succincta
644 1755 777 1808 crocota

124 1834 227 1894 leinde
241 1833 328 1909 genis
341 1832 514 1893 rorantibus
529 1834 636 1892 oscula
649 1832 758 1907 figens,

124 1918 189 1978 itur
201 1918 334 1976 miserae
348 1931 458 1976 causas
474 1917 637 1992 exquirere
650 1917 747 1987 tabis3

124 2018 169 2061 ren
184 2009 254 2062 ante
269 2001 347 2061 ullas
362 2001 474 2076 patitur
486 2000 545 2060 sibi
560 2001 691 2060 reddere
704 2015 811 2072 voces,

124 2101 196 2146 eum
210 2084 411 2145 tremebunda
423 2085 534 2161 pedem
552 2101 643 2159 quarn
657 2085 759 2144 retulit
773 2085 861 2144 intra.
901 2092 953 2146 aba

125 2186 161 2229 tm
176 2169 274 2243 „Quid
288 2184 369 2229 nunc
383 2174 461 2243 me“
482 2168 580 2244 inquit
592 2169 770 2242 „nutricula
785 2174 934 2243 torqueat

125 2261 219 2313 tntum
232 2268 383 2329 properas
396 2259 521 2313 nostros
535 2253 663 2313 novisse
678 2253 819 2313 lurorest

125 2353 150 2407 ‚·o
167 2344 314 2397 consueto
328 2337 506 2411 mortalibus
521 2352 594 2397 uror
607 2352 721 2410 amore,

125 2420 161 2479 ihi
175 2428 316 2481 notorum
330 2421 496 2482 deflectunt
510 2421 625 2482 lumina
639 2422 749 2494 vultus,
947 2468 950 2475 .

125 2505 208 2564 nitor
221 2505 306 2565 cordi
320 2512 382 2566 est:
403 2506 482 2566 ultro
494 2522 626 2582 namque
638 2506 758 2565 odimus
771 2519 888 2566 omnes.
901 2514 954 2570 260

125 2596 154 2648 at
166 2587 217 2647 hic
230 2588 359 2664 animus,
374 2590 486 2662 nutrix,
503 2591 589 2665 quod
604 2596 724 2666 oportet
738 2589 842 2666 amari,

141 2672 220 2733 laisa
232 2679 333 2733 tamen
348 2674 441 2733 lateat
455 2673 549 2750 pietat
549 2674 577 2735 is
591 2673 707 2750 imago;

125 2757 192 2816 adia
207 2772 246 2815 ex
260 2756 335 2831 acle,
335 2757 526 2840 mediisque
541 2775 582 2819 ex
594 2758 746 2821 hostibus
786 2759 863 2829 Hau,
883 2756 953 2830 heu,

127 2843 214 2915 icam,
230 2856 333 2916 quove
347 2841 417 2917 ipsa
430 2844 543 2904 malum
556 2843 617 2903 hoc
632 2843 776 2904 exordiar
791 2847 865 2900 oret
902 2847 955 2901 264

125 2916 275 3002 equidem,
291 2925 832 3002 quoniam-quidnontibidioere,
843 2922 953 2995 nutrix,

125 3010 190 3070 nist
211 3015 380 3070 extremum
392 3008 455 3070 hoc
467 3027 578 3069 munus
590 3007 746 3069 monentls
757 3005 880 3067 habeto
902 3013 955 3069 aba

125 3093 237 3167 ides-‚
258 3094 373 3155 nostris
388 3095 441 3170 qul
454 3093 617 3153 moenibus
631 3091 748 3151 assidet
761 3088 869 3165 hostis,
919 3140 923 3149 .

125 3176 230 3249 pater
221 3193 290 3253 rpse
304 3178 398 3238 deum
412 3176 526 3252 sceptri
540 3175 667 3235 donavit
679 3174 807 3246 honore,

125 3275 194 3319 rcae
209 3261 341 3322 tribuere
355 3277 413 3322 nec
428 3261 490 3321 ullo
504 3261 632 3319 vulnere
645 3258 751 3318 laedi-

125 3343 181 3402 lum
195 3352 250 3417 est,
266 3346 379 3405 frustra
393 3344 605 3406 circumvehor
619 3343 721 3404 omnia
735 3340 863 3406 verbis·
904 3357 958 3416 ατο

125 3442 157 3503 a,
173 3428 222 3487 ille
237 3390 319 3488 idem
320 3436 502 3506 ,oppugnat
513 3414 697 3507 p‘raecordia
709 3427 822 3488 Minos
