2326 3780
29 170 128 229 xxxo
351 140 662 229 innnonucrro.

26 324 210 385 Nihilominus
221 324 356 397 Virgilius
367 326 402 381 ab
414 324 536 380 Homero
546 330 653 380 tanturn
663 324 760 394 distat,
775 330 914 395 quantum
924 342 996 398 poe·

27 414 100 477 tarn,
122 410 169 481 qui
191 410 285 464 omnia
307 409 344 464 ad
365 409 432 465 artis
450 415 745 481 praeceptsrevocat,
767 408 916 465 diversum
930 427 995 465 esse
1043 426 1047 489 r

27 498 276 569 oportotapocta,
298 494 346 564 qui
357 493 449 563 ipsam
459 500 587 549 naturam
598 493 700 548 ducem
711 493 847 563 sequitur.
882 491 926 548 Cf.
938 494 993 549 lac.
1043 494 1046 505 '

27 576 141 637 iiclrcrt.
157 578 298 634 Parattele
318 576 455 633 zmbcbea
473 577 595 634 Homero
615 576 689 633 Ilias
708 595 736 633 u.
762 577 864 648 Virgils
883 578 993 647 Aeaeus,

27 658 168 719 Monachii
180 660 270 723 1829.
281 656 310 721 l.
348 660 429 727 Quod
447 661 561 732 quidem
575 661 725 717 discrimen
735 659 938 715 Marklandum
949 662 989 715 in·

29 746 123 815 illinit,
144 752 174 801 ut
189 747 216 801 in
223 744 351 816 praefat
362 745 402 799 ud
411 744 480 801 Stat.
493 744 558 801 Silo.
570 746 691 815 itemque
703 746 742 800 ud
752 743 816 799 silv.
827 743 864 797 V.
876 741 906 803 3.
921 744 992 805 127.

29 830 66 887 ric
84 830 195 903 Virgilii
211 828 340 884 Aeneide
359 829 426 884 satis
442 830 537 899 inique
556 828 702 883 iudicaret
736 826 906 883 Prudentius
917 835 993 883 certe

29 930 90 973 rem
107 914 165 985 ogit
175 912 331 969 Bodmerus
349 913 378 966 in
391 912 485 969 Oonzii
492 913 589 968 Museo
601 913 699 968 Graec.
711 918 738 968 et
747 911 865 967 Roaraa.
877 911 993 967 Laborat

29 1014 56 1055 a.
70 994 161 1059 1794.
172 996 237 1051 Vol.
248 995 270 1050 1.
281 995 384 1067 p.87.,
407 998 453 1067 qui
471 998 605 1052 nonnulla
615 997 682 1051 satis
694 996 787 1051 sobrie
798 995 992 1066 reprehendit.

27 1078 116 1139 Aliud
138 1082 222 1137 ctiam
243 1081 304 1135 eius
325 1079 504 1151 vituperandi
527 1086 721 1150 argumentum
737 1094 828 1149 nuper
844 1080 994 1150 proposuit

28 1162 156 1238 Napoleo
167 1164 300 1219 inPrecr's
310 1164 358 1219 das
367 1179 483 1236 praenes
491 1165 526 1219 de
535 1163 620 1220 Ce'sur
625 1164 843 1236 purNapoleon,
857 1161 994 1235 e‘critpcr

28 1246 70 1309 n.
81 1248 243 1307 Marcband
250 1262 315 1303 sous
326 1249 354 1302 lc
364 1246 450 1303 abab
459 1248 493 1303 dc
504 1248 688 1321 PEmpereur,
702 1248 844 1303 etauioide
849 1248 993 1319 plusieurs

28 1332 184 1409 fragments
199 1333 362 1402 ineditspur
372 1332 531 1403 Napolcon,
553 1333 600 1387 ubi
610 1332 756 1403 Virgilium
771 1336 888 1402 propter
903 1331 993 1387 incre

31 1416 145 1473 dibilem
164 1417 230 1471 anis
246 1416 364 1471 bellicae
382 1416 549 1487 imperitiam
566 1418 595 1471 in
610 1417 713 1488 pugnis
730 1417 870 1485 rebusque
885 1416 992 1470 bellicis

30 1498 225 1557 describendis
242 1500 328 1554 multa
345 1492 439 1571 inepte
456 1498 573 1556 finxisse
593 1500 695 1556 docuit.
732 1497 851 1554 Romani
862 1499 920 1569 ipsi
931 1514 994 1553 eam

30 1585 99 1641 artis
122 1586 240 1641 bellicae
261 1584 460 1655 ignorantiam,
489 1584 514 1638 si
536 1599 592 1654 qua
611 1590 667 1653 est,
686 1583 755 1639 nihil
776 1588 920 1653 curarunt,
942 1581 994 1638 sed

30 1666 190 1726 Aeneidem
205 1670 277 1723 inter
294 1669 388 1722 omnia
404 1684 473 1722 suae
489 1669 581 1739 gentis
598 1674 729 1740 poemata
744 1668 829 1739 longe
846 1673 993 1738 praestan·

30 1752 184 1823 tissimum,
204 1754 352 1824 ipsumque
368 1751 518 1823 Virgilium
537 1752 660 1808 Homero
675 1753 713 1807 ita
727 1751 918 1823 propinquum
929 1767 993 1806 esse

33 1843 217 1906 censuerunt,
236 1842 333 1890 utnon
345 1838 480 1891 solumab
493 1853 527 1891 eo
540 1837 696 1906 secundus,
712 1835 765 1890 sed
775 1835 865 1906 primo
876 1835 993 1906 propior

33 1928 125 1991 essct,
147 1937 231 1992 quam
244 1922 334 1975 tertio.
366 1938 395 1976 v.
408 1920 517 1987 Quintil.
529 1919 565 1972 X.
584 1919 614 1978 1.
633 1919 684 1979 56.
698 1926 725 1974 et
741 1917 806 1985 85,
829 1917 913 1975 Ovid.
932 1919 992 1975 Art.

30 2005 92 2063 Aia
113 2006 159 2059 Ill.
180 2002 269 2074 388„
289 2005 383 2060 anor.
401 2005 422 2059 1.
441 2001 490 2063 15.
511 1999 560 2064 25.
573 2009 601 2057 et
619 2003 700 2057 Trist
712 2004 744 2057 ll.
756 1999 844 2070 588„
867 2001 993 2057 Macrob.

31 2088 91 2147 aas
102 2088 139 2143 V.
152 2088 181 2146 1.
194 2088 277 2143 etVl.
291 2086 329 2157 1.,
350 2087 503 2143 Weichert.
516 2088 550 2142 de
560 2086 593 2142 L.
611 2085 691 2143 Varii
700 2093 726 2143 et
736 2086 824 2143 mssa
830 2085 931 2141 Purra.
939 2087 994 2141 citu

31 2189 62 2246 p·
71 2173 120 2232 61.
141 2172 200 2228 Nec
211 2173 302 2227 minus
313 2173 384 2228 inter
394 2177 533 2227 nostrates
545 2172 713 2242 quicumque
726 2170 762 2227 de
774 2169 905 2225 carminis
920 2170 994 2241 epici

32 2262 133 2311 natura
149 2261 177 2311 et
195 2256 290 2311 indole
301 2256 457 2312 accuratius
468 2254 496 2310 et
507 2255 633 2310 subtilius
645 2255 860 2325 quaesiverunt,
881 2252 995 2325 Virgilii

31 2338 190 2398 Aeneidem
207 2346 247 2396 tot
264 2341 399 2412 tantisque
416 2340 563 2397 virtutibus
575 2343 701 2393 ornatam
712 2355 776 2394 esse
788 2338 994 2407 intellexerunt,

31 2429 63 2478 ut
82 2423 158 2479 hunc
179 2424 250 2480 inter
271 2441 369 2482 omnes
390 2428 511 2496 poetas,
533 2423 581 2494 qui
602 2423 683 2493 epica
703 2423 826 2477 carmina
843 2428 903 2477 orte
920 2424 994 2478 lactu

33 2507 294 2580 [Kunstepopoeen]
306 2510 486 2580 scripserunt,
500 2511 606 2561 tantum
617 2506 741 2561 eminere
752 2506 888 2575 dicerent,
902 2521 994 2577 quan·

31 2596 92 2646 tum
107 2591 245 2648 Homerus
259 2592 404 2664 praecedit
422 2605 535 2662 omnes,
558 2590 653 2661 quiqui
670 2597 865 2662 argumentum
880 2590 995 2662 epicum

33 2676 69 2730 ab
89 2691 138 2731 ore
159 2678 256 2749 populi
276 2679 406 2748 legerunt
425 2678 509 2744 atque
526 2673 668 2729 incondita
684 2679 742 2729 arte
764 2682 993 2744 composuerunt

32 2776 62 2816 v.
73 2759 176 2831 Heyn„
198 2761 391 2832 Hottinger.-et
403 2756 518 2812 Lersch.
529 2758 557 2813 ll.
565 2773 622 2828 ca,
638 2757 745 2813 Genthe
756 2759 806 2814 tc.
817 2752 904 2829 ptr.
920 2774 994 2830 sqq,

33 2841 260 2900 Winckelmann.
278 2845 312 2898 de
322 2845 412 2913 poetis
429 2842 514 2911 epicis
529 2841 682 2898 Romanor.
701 2842 729 2896 in
750 2841 828 2899 Iahn.
849 2842 994 2915 Arclabs.

31 2926 105 2985 Pau.
116 2946 143 2985 u.
154 2929 277 2998 Poena.
290 2922 382 2984 1833.
402 2923 466 2979 Vol.
479 2924 512 2979 Η.
526 2942 554 2997 p.
563 2921 634 2985 566.
646 2942 707 2997 sqq.
720 2932 747 2981 et
757 2926 815 2982 ioh.
828 2927 908 2983 Helv.
920 2926 994 2983 Wil-

33 3012 146 3081 lemer.,
167 3012 215 3082 qui
230 3010 435 3065 Praecianum
453 3009 588 3067 Amaras
614 3010 782 3084 Virgilianae
801 3012 995 3069 dissertatione

29 3095 125 3167 philol.
137 3101 273 3151 ostensam
283 3092 393 3163 publice
409 3092 533 3150 defendit
546 3095 738 3167 Wittebergae
751 3093 843 3155 1676.
881 3094 994 3163 Quanta

32 3178 142 3250 Virgilii
162 3192 209 3231 ars
230 3176 312 3231 suerit
329 3176 358 3230 in
379 3178 522 3233 sententiis
536 3181 687 3250 verbisque
703 3179 849 3235 elimandis
864 3181 993 3251 sciteque

33 3259 217 3331 effingendis,
233 3260 353 3317 maxime
367 3262 447 3317 exiis
458 3264 527 3318 loeis
538 3264 707 3336 intelligitur,
724 3264 864 3333 inquibus
876 3264 994 3320 Homeri

32 3343 206 3412 aliorumque
220 3346 372 3401 sententias
386 3362 420 3402 ac
432 3349 520 3403 verba
530 3349 650 3404 inritatus
661 3354 711 3403 est
745 3365 773 3404 v.
786 3347 889 3403 Gellius
900 3347 947 3403 IX.
958 3349 992 3409 9.

31 3426 61 3477 et
79 3422 216 3499 Scaliger.
230 3426 306 3485 Poet
320 3429 355 3487 V.
369 3428 399 3491 3.
412 3436 439 3487 et
452 3426 481 3491 4.
518 3431 568 3488 Cui
587 3432 680 3489 studio
700 3438 845 3506 tantopere
866 3433 995 3506 indulsit,
