2326 3780
281 90 283 94 Α
371 141 566 204 nummos
586 143 710 203 amu.
957 140 1018 207 275

103 302 185 371 itque
199 294 308 355 iterum
322 294 352 353 in
367 295 501 355 Teucros
515 295 634 355 Aetolis
648 296 743 370 surgit
757 295 795 354 ab
809 295 902 371 Arpis

103 379 229 457 ydides.
264 377 415 452 Equidem
430 380 533 453 medo,
547 395 616 438 mea
628 379 755 440 vulnera
769 386 892 454 restant,

103 464 120 524 :t
132 468 185 522 tua
200 462 364 538 progenies
377 463 517 523 mortalia
531 463 674 524 demoror
687 471 784 523 armat
983 472 1018 526 3⁰

103 546 116 607 i
131 547 198 606 sine
212 560 290 621 pace
303 552 356 605 tua
369 553 461 621 atque
475 547 569 608 invito
585 548 708 607 numine
722 547 817 606 Troes

103 631 198 691 aliam
213 629 343 705 petiere:
363 630 448 689 luant
461 637 597 704 peccata,
612 646 714 705 neque
727 631 798 690 illos

103 714 199 775 iveris
214 713 341 783 auxilio;
365 713 412 772 sin
427 721 471 774 tot
484 729 637 790 responsa
650 715 755 788 secuti,

103 812 165 859 'uae
181 797 283 873 superi
298 812 467 873 manesque
482 797 609 859 dabant:
632 813 686 859 cur
699 812 779 858 nunc
793 804 845 857 tua
856 796 1019 873 quisquam

103 882 207 941 'ertere
222 882 307 940 iussa
320 887 431 956 potest,
446 887 498 942 aut
510 897 564 941 cur
575 898 657 942 nova
670 881 804 941 condere
818 882 901 941 tatur
982 890 1018 943 35

105 965 160 1027 uid
174 972 310 1040 repetam
324 972 449 1025 exustas
463 965 596 1041 Erycino
611 967 642 1025 in
656 966 743 1025 litore
758 966 898 1025 classes?

105 1049 158 1109 uid
173 1055 386 1123 tempestatum
400 1064 504 1123 regem
517 1057 689 1125 ventosque
703 1049 838 1110 furentes

104 1133 190 1193 ¹cotia
204 1132 331 1207 excitos,
346 1139 398 1191 aut
411 1139 509 1192 actam
525 1132 655 1194 nubibus
669 1133 761 1191 Irimt

105 1232 165 1277 unc
180 1217 271 1276 etiam
285 1216 391 1275 Manes
406 1215 509 1275 -haec
524 1217 669 1277 intentata
682 1215 824 1276 manebat

107 1316 157 1361 ors
171 1316 272 1360 rernm
286 1331 298 1340 -
312 1305 424 1368 movet,
440 1306 470 1359 et
484 1301 604 1374 superis
619 1300 755 1358 immissa
768 1306 893 1375 repente
980 1308 1016 1362 to

108 1384 199 1445 ilecto
213 1382 331 1441 medias
345 1382 453 1442 ltolbm
467 1380 614 1442 bacchata
628 1398 684 1457 per
697 1381 800 1441 urbas.

110 1468 127 1526 h
142 1481 235 1541 super
249 1465 375 1539 imperio
391 1479 532 1525 moveor:
554 1465 746 1541 speravimus
760 1465 826 1539 ista,

112 1565 158 1609 am
173 1549 293 1608 fortuna
306 1548 377 1620 fuit;
399 1549 531 1624 vineant,
547 1565 626 1623 quos
639 1549 762 1608 vincere
776 1548 901 1619 mavis.-

129 1633 212 1691 nulla
226 1639 272 1691 est
285 1632 385 1711 regio,¹
394 1632 517 1692 Teucris
533 1649 624 1707 quam
639 1632 690 1691 det
702 1638 754 1691 tua
768 1632 880 1692 coniux

116 1732 180 1785 rra;
202 1731 258 1790 per
272 1730 407 1790 eversae,
422 1716 548 1791 genitor,
564 1715 709 1779 fumantia
722 1715 830 1775 iboiae
979 1723 1014 1777 45

118 1800 208 1860 rcidia
223 1800 366 1874 obtestor,
382 1801 472 1859 liceat
485 1800 633 1861 dimittere
639 1799 685 1858 ab
700 1799 792 1859 armis

120 1886 265 1947 columem
279 1885 453 1958 Ascanium,
469 1885 560 1944 liceat
573 1899 737 1959 superesse
752 1888 903 1958 nepotem.

122 1986 203 2029 aneas
219 1985 294 2029 sanc
308 1969 419 2044 ignotis
433 1969 560 2028 iactetur
573 1968 603 2026 in
619 1967 711 2028 undis

141 2068 364 2128 quamcumque
379 2052 456 2113 viam
472 2052 591 2113 dederit
604 2052 733 2125 fortuna,
749 2056 907 2125 sequatur;

128 2153 167 2195 nc
180 2143 284 2211 tegere
298 2144 327 2196 et
341 2137 426 2197 dirae
439 2138 560 2196 valeam
573 2136 745 2196 subducere
759 2149 889 2209 pugnae.
978 2143 1014 2195 bb

128 2240 134 2280 ·.
146 2221 304 2295 Amathus,
320 2226 367 2280 est
380 2222 464 2282 celsa
476 2221 549 2279 mihi
561 2219 684 2295 Paphus
698 2225 789 2293 atque
804 2218 942 2293 Cythera,

131 2304 255 2378 ,tiaeque
269 2305 390 2365 domus=
412 2305 521 2380 positis
536 2303 682 2379 inglorius
697 2302 789 2362 armis

131 2388 189 2461 igat
202 2388 251 2447 hic
265 2403 383 2449 aevum.
417 2389 528 2463 Magna
542 2388 662 2447 dicione
675 2386 777 2446 iubeto

134 2471 229 2545 thago
244 2480 362 2547 premat
373 2473 556 2532 Ausoniam:
579 2472 652 2531 nihii
666 2469 792 2531 urbibus
806 2468 877 2529 inde

136 2555 218 2614 itabit
231 2555 339 2631 Tyriis.
376 2555 453 2629 Quid
467 2563 586 2631 pestem
600 2555 732 2615 evadere
746 2553 817 2614 belli
976 2562 1012 2614 55

138 2640 158 2699 it
172 2646 200 2698 et
213 2640 374 2714 Argolicos
390 2640 522 2700 medium
538 2640 654 2714 fugisse
668 2655 725 2715 per
738 2638 834 2713 ignes,

140 2739 195 2797 que
209 2724 301 2783 maris
317 2730 485 2798 vastaeque
499 2723 647 2784 exhausta
661 2723 796 2798 perictda
809 2729 916 2795 terrae,

142 2824 156 2865 n
170 2808 287 2867 Latium
301 2808 408 2869 Teucri
422 2807 620 2882 recidivaque
632 2807 779 2881 Pergama
793 2809 962 2879 quaerente

161 2891 265 2965 satius,
280 2891 398 2951 cineres
413 2891 529 2967 patriae
543 2891 697 2952 insedisse
711 2903 874 2965 supremos

145 2989 180 3032 ne
195 2975 302 3046 solum,
319 2991 380 3050 quo
395 2975 484 3035 Troia
498 2975 574 3035 suitt
594 2974 745 3034 Xanthum
760 2979 790 3031 et
804 2970 959 3031 Simoenta
978 2977 1017 3033 oo

148 3058 195 3128 de,
212 3072 277 3128 oro,
292 3059 421 3132 miseris,
436 3058 605 3133 iterumque
618 3057 779 3117 revolvere
793 3070 885 3114 casus

152 3148 246 3214 pater,
260 3141 371 3208 Iliacos
384 3142 538 3202 Tetroris.“
572 3142 646 3201 Tum
660 3140 745 3214 regia
757 3138 842 3209 Ione,

152 3224 254 3284 furore
268 3226 368 3299 gravi:
390 3225 488 3299 „Quid
502 3240 551 3285 me
565 3225 625 3284 alta
639 3223 759 3283 silentia
772 3221 857 3307 cogis

152 3322 232 3383 rpere
247 3314 277 3366 et
292 3307 456 3369 obductum
469 3308 572 3368 verbis
586 3308 711 3382 vulgare
726 3306 884 3370 dolarent

154 3408 207 3453 ean
221 3390 377 3451 hominum
392 3393 553 3467 quisquam
569 3391 738 3467 divumque
752 3388 882 3509 subeant
996 3391 1041 3441 aa
