2326 3780
97 178 141 241 92
371 175 402 234 Ρ.
425 177 586 238 VIRGILll
606 177 781 238 MARONIS

98 330 210 406 „Parce
224 336 313 401 metu,
331 327 496 404 Cytherem
518 335 641 389 manent
654 330 778 389 immota
790 336 911 389 tuorum

99 414 194 488 „Fata
208 413 275 484 tibi;
299 427 406 471 cernes
420 412 527 472 urbem
542 420 573 471 et
585 414 740 487 promissa
752 411 859 471 Lavini

98 497 247 573 „Moenia
264 496 485 571 sublimemque
500 498 581 555 leres
597 497 637 555 ad
652 496 756 556 sidera
770 496 848 555 coeli

98 581 343 656 „Magnanimum
356 582 492 651 Aenean,
508 595 607 654 neque
621 596 670 640 me
685 581 835 641 sententia
850 581 949 641 vertit.
1006 592 1058 645 loo

98 665 241 739 „Hic-tibi
256 665 344 725 labor
358 664 447 738 enim,
463 664 586 738 quando
601 662 679 723 haec
692 672 722 723 te
738 680 811 723 cura
822 665 990 741 remordet,

98 750 251 825 „Longius
266 755 296 807 et
310 748 439 809 volvens
455 747 584 806 latorum
599 762 711 807 arcana
724 748 870 807 movebo-

65 870 73 890 ,
98 834 237 908 „Bellum
252 833 360 905 ingens
374 836 458 904 geret
471 830 564 903 ltalia,
578 832 776 906 populosque
791 833 911 892 leroces

97 915 297 992 „contundet
311 928 475 987 moresque
491 913 564 972 viris
579 921 610 973 et
624 916 745 974 moenia
758 924 861 991 ponet,

98 1000 218 1075 „Tertia
232 999 305 1058 dum
318 997 404 1056 Latio
419 1003 596 1071 regnantem
610 998 720 1059 viderit
735 1006 847 1072 aestaS,
1005 1010 1057 1065 265

98 1085 278 1157 „Ternaque
294 1080 466 1140 transierint
479 1080 597 1140 Rutulis
612 1082 740 1142 hiberna
754 1083 900 1144 subactis.

99 1170 159 1239 „At
173 1181 251 1240 puer
263 1165 425 1237 Ascanius,
441 1164 489 1222 cui
503 1180 584 1223 nunc
599 1180 769 1240 cognomen
783 1168 848 1227 lulo

99 1249 325 1323 „Additur-llus
341 1255 414 1321 erat,
430 1247 503 1306 dum
516 1264 567 1307 res
583 1250 664 1308 stetit
677 1250 732 1309 Ilia
745 1266 863 1325 regno,

98 1333 251 1407 „Triginta
265 1347 393 1407 magnos
407 1332 569 1391 volvendis
583 1333 740 1394 mensibus
756 1335 847 1394 orbes

98 1416 249 1491 „Imperio
265 1416 409 1491 explebit,
424 1431 612 1491 regnumque
626 1416 664 1476 ab
680 1419 756 1477 sede
769 1416 876 1477 Lavini
1004 1432 1060 1487 270

98 1500 298 1574 „Transferet
314 1506 344 1561 et
356 1500 493 1575 Longam
506 1501 599 1560 multa
612 1501 643 1559 vi
657 1503 770 1561 muniet
783 1502 902 1561 Albam.

98 1584 175 1658 „Hic
189 1585 249 1644 iam
262 1592 308 1645 ter
322 1592 441 1644 centmn
455 1591 536 1643 totos
550 1584 725 1659 regnabitur
739 1601 837 1646 annos

97 1668 216 1743 „Gente
231 1668 287 1729 sub
302 1668 460 1741 Hectorea,
478 1668 577 1727 donec
592 1669 697 1742 regina
711 1670 859 1731 sacerdos
931 1714 935 1723 .

98 1754 212 1827 „lllarte
225 1754 327 1829 gravis
342 1753 493 1828 geminam
507 1758 597 1827 partu
612 1752 696 1811 dabit
709 1753 763 1811 llia
776 1756 904 1828 prolem.

98 1838 191 1912 „Inde
205 1838 296 1913 lupae
310 1838 394 1897 fulvo
409 1836 534 1895 nutricis
549 1837 680 1910 tegmine
695 1837 794 1896 laetus
975 1852 981 1864 ·
1003 1850 1059 1905 275

98 1922 263 1996 „Romulus
278 1922 409 1995 excipiet
423 1927 553 1995 gentem,
569 1927 599 1979 et
612 1920 763 1979 Mavortia
777 1923 888 1982 condet

97 2006 249 2080 „Moenia
264 2006 482 2078 Romanosque
496 2018 554 2061 suo
570 2003 609 2062 de
622 2005 745 2062 nomine
760 2005 850 2066 dicet.

98 2091 172 2165 „llis
187 2105 244 2163 ego
259 2104 316 2148 nec
330 2096 426 2147 metas
440 2101 541 2146 rerum
556 2102 612 2146 nec
626 2094 765 2163 tempora
779 2104 875 2163 pono=

98 2173 281 2248 „Imperium
295 2173 362 2231 sine
374 2172 436 2231 fine
451 2170 532 2230 dedi.
569 2170 646 2245 Quin
660 2188 772 2246 aspero
786 2173 870 2245 luno,

98 2258 203 2332 „Quae
216 2271 300 2315 mare
314 2271 394 2315 nune
407 2262 568 2329 terrasque
578 2263 659 2315 metu
671 2257 853 2333 coelumque
863 2258 977 2335 fatigat,
1000 2269 1057 2325 uso

33 2412 40 2425 ἱ
98 2339 252 2415 „Consilia
265 2339 296 2398 in
310 2340 417 2399 melius
432 2339 552 2411 referet,
568 2355 749 2414 mecumque
764 2342 880 2401 fovebit

98 2425 282 2499 „Romanos
298 2439 398 2483 rerum
412 2424 553 2483 dominos
568 2430 750 2498 gentemque
765 2432 908 2500 togatam.

98 2507 170 2582 „Sic
185 2507 337 2581 placitum.
373 2508 484 2567 Veniet
497 2508 601 2566 lustris
616 2506 788 2568 labentibus
803 2518 898 2583 aetas,

98 2590 216 2665 „Quum
231 2591 340 2651 domus
354 2591 501 2652 Assaraci
513 2590 651 2649 Phthiam
665 2593 827 2667 clarasque
840 2594 990 2671 Mycenas

98 2675 247 2750 „Servilio
262 2681 379 2751 premet
393 2692 429 2735 ac
443 2674 532 2735 victis
548 2674 751 2736 dominabitur
763 2676 866 2751 Argis.
1000 2688 1053 2743 aas

98 2759 265 2835 „Nascetur
278 2760 406 2835 pulchra
418 2758 565 2819 Troianus
581 2759 697 2833 origine
713 2759 834 2831 Caesar,

98 2844 279 2919 „Imperium
291 2842 422 2914 Oceano,
440 2842 550 2902 l'ainam
565 2843 618 2918 qui
632 2844 770 2903 terminet
784 2846 884 2919 astris,

97 2928 221 3003 „Iulius
235 2943 255 2987 c
267 2942 378 3003 magno
394 2927 562 2987 demissum
576 2942 686 2987 nomen
702 2928 783 2988 lulo=

98 3012 204 3087 „Hunc
218 3020 249 3073 tu
264 3013 336 3073 olim
350 3012 447 3083 coelo,
464 3011 571 3087 spoliis
588 3009 718 3072 Orientis
735 3019 885 3085 onustum,

98 3098 261 3173 „Accipies
276 3112 400 3166 secura,
421 3095 580 3155 vocabitur
593 3095 644 3155 hic
659 3111 782 3172 quoque
795 3096 887 3156 votis.
1000 3106 1054 3161 ooo

98 3182 241 3256 „Aspera
253 3189 316 3241 tum
329 3180 438 3256 positis
454 3180 612 3240 mitescent
626 3183 731 3241 secula
745 3180 848 3250 bellis,

98 3264 203 3337 „Cana
215 3264 316 3336 Fides,
332 3271 361 3325 et
374 3264 479 3336 vesu,
493 3264 590 3324 Remo
605 3279 673 3323 cum
687 3266 779 3323 fratre
793 3263 945 3339 Quirinus,

98 3348 188 3421 „lura
202 3348 330 3419 dabunt;
355 3349 438 3409 dirae
452 3349 532 3409 terro
548 3354 579 3408 et
591 3347 791 3423 compagibus
806 3348 880 3409 artis

98 3432 302 3507 „claudentur
314 3432 390 3493 Belli
404 3440 525 3508 portae;
547 3432 644 3493 Furor
657 3430 768 3507 impius
782 3430 872 3507 iulus,
