<?xml version="1.0" encoding="UTF-8"?>
<!DOCTYPE html PUBLIC "-//W3C//DTD XHTML 1.0 Transitional//EN"
    "http://www.w3.org/TR/xhtml1/DTD/xhtml1-transitional.dtd">
<html xmlns="http://www.w3.org/1999/xhtml" xml:lang="en" lang="en">
 <head>
  <title>
</title>
<meta http-equiv="Content-Type" content="text/html;charset=utf-8" />
  <meta name='ocr-system' content='tesseract 3.04.00' />
  <meta name='ocr-capabilities' content='ocr_page ocr_carea ocr_par ocr_line ocrx_word'/>
</head>
<body>
  <div class='ocr_page' id='page_1' title='image "./pvirgiliimaroni11virggoog/pvirgiliimaroni11virggoog_0295.png"; bbox 0 0 2326 3780; ppageno 0'>
   <div class='ocr_carea' id='block_1_1' title="bbox 76 118 814 235">
    <p class='ocr_par' dir='ltr' id='par_1_1' title="bbox 76 118 814 235">
     <span class='ocr_line' id='line_1_1' title="bbox 76 118 814 235; baseline -0.004 0"><span class='ocrx_word' id='word_1_1' title='bbox 76 118 81 127; x_wconf 40' lang='grc' dir='ltr'>Ι</span> <span class='ocrx_word' id='word_1_2' title='bbox 137 169 200 235; x_wconf 87' lang='grc'>110</span> <span class='ocrx_word' id='word_1_3' title='bbox 403 170 435 229; x_wconf 91' lang='grc' dir='ltr'>Ρ.</span> <span class='ocrx_word' id='word_1_4' title='bbox 456 170 618 231; x_wconf 89' lang='lat' dir='ltr'><strong>VIRGILII</strong></span> <span class='ocrx_word' id='word_1_5' title='bbox 638 171 814 232; x_wconf 87' lang='lat' dir='ltr'><strong>MARONIS</strong></span> 
     </span>
    </p>
   </div>
   <div class='ocr_carea' id='block_1_2' title="bbox 58 322 1101 3503">
    <p class='ocr_par' dir='ltr' id='par_1_2' title="bbox 136 322 935 403">
     <span class='ocr_line' id='line_1_2' title="bbox 136 322 935 403; baseline -0.001 -19"><span class='ocrx_word' id='word_1_6' title='bbox 136 323 265 403; x_wconf 77' lang='lat' dir='ltr'>„Ontina</span> <span class='ocrx_word' id='word_1_7' title='bbox 279 322 310 381; x_wconf 92' lang='lat' dir='ltr'>ni</span> <span class='ocrx_word' id='word_1_8' title='bbox 324 330 463 398; x_wconf 81' lang='lat' dir='ltr'>repetant</span> <span class='ocrx_word' id='word_1_9' title='bbox 474 323 576 398; x_wconf 85' lang='lat' dir='ltr'>Argis,</span> <span class='ocrx_word' id='word_1_10' title='bbox 593 340 764 398; x_wconf 90' lang='lat' dir='ltr'>numenque</span> <span class='ocrx_word' id='word_1_11' title='bbox 779 323 935 398; x_wconf 83' lang='lat' dir='ltr'>reducant,</span> 
     </span>
    </p>

    <p class='ocr_par' dir='ltr' id='par_1_3' title="bbox 136 406 934 487">
     <span class='ocr_line' id='line_1_3' title="bbox 136 406 934 487; baseline -0.004 -20"><span class='ocrx_word' id='word_1_12' title='bbox 136 407 245 487; x_wconf 83' lang='lat' dir='ltr'>„Quod</span> <span class='ocrx_word' id='word_1_13' title='bbox 259 407 370 482; x_wconf 80' lang='lat' dir='ltr'>pelago</span> <span class='ocrx_word' id='word_1_14' title='bbox 386 414 416 467; x_wconf 87' lang='lat' dir='ltr'>et</span> <span class='ocrx_word' id='word_1_15' title='bbox 430 406 530 467; x_wconf 90' lang='lat' dir='ltr'>curvis</span> <span class='ocrx_word' id='word_1_16' title='bbox 547 421 652 466; x_wconf 89' lang='lat' dir='ltr'>secmn</span> <span class='ocrx_word' id='word_1_17' title='bbox 666 423 798 466; x_wconf 86' lang='lat' dir='ltr'>avexere</span> <span class='ocrx_word' id='word_1_18' title='bbox 813 408 934 467; x_wconf 91' lang='lat' dir='ltr'>carinis.</span> 
     </span>
    </p>

    <p class='ocr_par' dir='ltr' id='par_1_4' title="bbox 136 488 1097 738">
     <span class='ocr_line' id='line_1_4' title="bbox 136 488 1097 571; baseline 0.003 -20"><span class='ocrx_word' id='word_1_19' title='bbox 136 492 194 571; x_wconf 82' lang='lat' dir='ltr'>„Et</span> <span class='ocrx_word' id='word_1_20' title='bbox 206 506 286 550; x_wconf 90' lang='lat' dir='ltr'>nunc</span> <span class='ocrx_word' id='word_1_21' title='bbox 302 490 384 564; x_wconf 91' lang='lat' dir='ltr'>quod</span> <span class='ocrx_word' id='word_1_22' title='bbox 399 491 513 566; x_wconf 88' lang='lat' dir='ltr'>patrias</span> <span class='ocrx_word' id='word_1_23' title='bbox 530 497 619 549; x_wconf 91' lang='lat' dir='ltr'>vento</span> <span class='ocrx_word' id='word_1_24' title='bbox 634 491 750 566; x_wconf 91' lang='lat' dir='ltr'>petiere</span> <span class='ocrx_word' id='word_1_25' title='bbox 764 491 928 568; x_wconf 79' lang='lat' dir='ltr'>Mycenas:</span> <span class='ocrx_word' id='word_1_26' title='bbox 968 488 971 495; x_wconf 81' lang='grc'><em>’</em></span> <span class='ocrx_word' id='word_1_27' title='bbox 1040 498 1097 554; x_wconf 81' lang='lat'>180</span> 
     </span>
     <span class='ocr_line' id='line_1_5' title="bbox 136 574 1022 654; baseline -0.001 -20"><span class='ocrx_word' id='word_1_28' title='bbox 136 577 250 654; x_wconf 82' lang='lat' dir='ltr'>„Anna</span> <span class='ocrx_word' id='word_1_29' title='bbox 263 574 402 647; x_wconf 90' lang='lat' dir='ltr'>deosque</span> <span class='ocrx_word' id='word_1_30' title='bbox 415 580 525 650; x_wconf 90' lang='lat' dir='ltr'>parant</span> <span class='ocrx_word' id='word_1_31' title='bbox 539 574 674 648; x_wconf 86' lang='lat' dir='ltr'>comites,</span> <span class='ocrx_word' id='word_1_32' title='bbox 690 575 864 649; x_wconf 84' lang='lat' dir='ltr'>pelagoque</span> <span class='ocrx_word' id='word_1_33' title='bbox 877 588 1022 634; x_wconf 90' lang='lat' dir='ltr'>remenso</span> 
     </span>
     <span class='ocr_line' id='line_1_6' title="bbox 136 657 935 738; baseline -0.003 -21"><span class='ocrx_word' id='word_1_34' title='bbox 136 657 317 738; x_wconf 88' lang='lat' dir='ltr'>„Improvisi</span> <span class='ocrx_word' id='word_1_35' title='bbox 333 658 469 718; x_wconf 87' lang='lat' dir='ltr'>aderunt</span> <span class='ocrx_word' id='word_1_36' title='bbox 498 657 543 717; x_wconf 88' lang='lat' dir='ltr'>lta</span> <span class='ocrx_word' id='word_1_37' title='bbox 558 658 668 731; x_wconf 90' lang='lat' dir='ltr'>digerit</span> <span class='ocrx_word' id='word_1_38' title='bbox 681 659 783 717; x_wconf 91' lang='lat' dir='ltr'>omina</span> <span class='ocrx_word' id='word_1_39' title='bbox 797 657 935 718; x_wconf 85' lang='lat' dir='ltr'>Calchas.</span> 
     </span>
    </p>

    <p class='ocr_par' dir='ltr' id='par_1_5' title="bbox 136 741 909 822">
     <span class='ocr_line' id='line_1_7' title="bbox 136 741 909 822; baseline 0 -21"><span class='ocrx_word' id='word_1_40' title='bbox 136 742 242 822; x_wconf 87' lang='lat' dir='ltr'>„Hanc</span> <span class='ocrx_word' id='word_1_41' title='bbox 256 758 312 817; x_wconf 92' lang='lat' dir='ltr'>pro</span> <span class='ocrx_word' id='word_1_42' title='bbox 326 741 471 816; x_wconf 87' lang='lat' dir='ltr'>Palladio,</span> <span class='ocrx_word' id='word_1_43' title='bbox 486 741 599 816; x_wconf 90' lang='lat' dir='ltr'>moniti,</span> <span class='ocrx_word' id='word_1_44' title='bbox 616 758 672 817; x_wconf 91' lang='lat' dir='ltr'>pro</span> <span class='ocrx_word' id='word_1_45' title='bbox 687 743 809 801; x_wconf 89' lang='lat' dir='ltr'>numine</span> <span class='ocrx_word' id='word_1_46' title='bbox 823 742 909 801; x_wconf 88' lang='lat' dir='ltr'>laeso</span> 
     </span>
    </p>

    <p class='ocr_par' dir='ltr' id='par_1_6' title="bbox 136 825 868 905">
     <span class='ocr_line' id='line_1_8' title="bbox 136 825 868 905; baseline -0.003 -20"><span class='ocrx_word' id='word_1_47' title='bbox 136 826 295 905; x_wconf 80' lang='lat' dir='ltr'>„Effigiem</span> <span class='ocrx_word' id='word_1_48' title='bbox 310 832 450 899; x_wconf 90' lang='lat' dir='ltr'>statuere,</span> <span class='ocrx_word' id='word_1_49' title='bbox 465 825 552 884; x_wconf 81' lang='lat' dir='ltr'>nefas</span> <span class='ocrx_word' id='word_1_50' title='bbox 568 841 647 899; x_wconf 88' lang='lat' dir='ltr'>quae</span> <span class='ocrx_word' id='word_1_51' title='bbox 661 826 747 885; x_wconf 88' lang='lat' dir='ltr'>triste</span> <span class='ocrx_word' id='word_1_52' title='bbox 762 827 868 899; x_wconf 89' lang='lat' dir='ltr'>piaret.</span> 
     </span>
    </p>

    <p class='ocr_par' dir='ltr' id='par_1_7' title="bbox 136 908 1099 1072">
     <span class='ocr_line' id='line_1_9' title="bbox 136 908 1099 989; baseline 0.001 -20"><span class='ocrx_word' id='word_1_53' title='bbox 136 910 241 989; x_wconf 88' lang='lat' dir='ltr'>,‚Hanc</span> <span class='ocrx_word' id='word_1_54' title='bbox 254 917 355 968; x_wconf 89' lang='lat' dir='ltr'>tamen</span> <span class='ocrx_word' id='word_1_55' title='bbox 369 909 547 967; x_wconf 86' lang='lat' dir='ltr'>immensam</span> <span class='ocrx_word' id='word_1_56' title='bbox 562 908 689 969; x_wconf 87' lang='lat' dir='ltr'>Calchas</span> <span class='ocrx_word' id='word_1_57' title='bbox 704 910 841 970; x_wconf 84' lang='lat' dir='ltr'>attollere</span> <span class='ocrx_word' id='word_1_58' title='bbox 855 908 966 970; x_wconf 90' lang='lat' dir='ltr'>molem</span> <span class='ocrx_word' id='word_1_59' title='bbox 1041 916 1099 970; x_wconf 78' lang='lat'>185</span> 
     </span>
     <span class='ocr_line' id='line_1_10' title="bbox 136 991 858 1072; baseline -0.003 -19"><span class='ocrx_word' id='word_1_60' title='bbox 136 991 330 1072; x_wconf 84' lang='lat' dir='ltr'>„Roboribus</span> <span class='ocrx_word' id='word_1_61' title='bbox 343 992 435 1051; x_wconf 88' lang='lat' dir='ltr'>textis</span> <span class='ocrx_word' id='word_1_62' title='bbox 451 992 600 1066; x_wconf 89' lang='lat' dir='ltr'>coeloque</span> <span class='ocrx_word' id='word_1_63' title='bbox 616 994 747 1053; x_wconf 84' lang='lat' dir='ltr'>educere</span> <span class='ocrx_word' id='word_1_64' title='bbox 761 994 858 1068; x_wconf 89' lang='lat' dir='ltr'>iussit,</span> 
     </span>
    </p>

    <p class='ocr_par' dir='ltr' id='par_1_8' title="bbox 135 1075 871 1156">
     <span class='ocr_line' id='line_1_11' title="bbox 135 1075 871 1156; baseline -0.001 -20"><span class='ocrx_word' id='word_1_65' title='bbox 135 1077 200 1156; x_wconf 85' lang='lat' dir='ltr'>„Ne</span> <span class='ocrx_word' id='word_1_66' title='bbox 214 1075 308 1151; x_wconf 82' lang='lat' dir='ltr'>recipi</span> <span class='ocrx_word' id='word_1_67' title='bbox 323 1076 419 1150; x_wconf 89' lang='lat' dir='ltr'>portis</span> <span class='ocrx_word' id='word_1_68' title='bbox 434 1082 486 1134; x_wconf 88' lang='lat' dir='ltr'>aut</span> <span class='ocrx_word' id='word_1_69' title='bbox 499 1075 569 1134; x_wconf 90' lang='lat' dir='ltr'>duci</span> <span class='ocrx_word' id='word_1_70' title='bbox 584 1076 614 1134; x_wconf 88' lang='lat' dir='ltr'>in</span> <span class='ocrx_word' id='word_1_71' title='bbox 628 1078 749 1136; x_wconf 90' lang='lat' dir='ltr'>moenia</span> <span class='ocrx_word' id='word_1_72' title='bbox 763 1078 871 1153; x_wconf 89' lang='lat' dir='ltr'>possit,</span> 
     </span>
    </p>

    <p class='ocr_par' dir='ltr' id='par_1_9' title="bbox 136 1158 856 1239">
     <span class='ocr_line' id='line_1_12' title="bbox 136 1158 856 1239; baseline -0.001 -20"><span class='ocrx_word' id='word_1_73' title='bbox 136 1161 221 1239; x_wconf 88' lang='lat' dir='ltr'>„Neu</span> <span class='ocrx_word' id='word_1_74' title='bbox 235 1158 383 1235; x_wconf 90' lang='lat' dir='ltr'>populum</span> <span class='ocrx_word' id='word_1_75' title='bbox 397 1159 522 1234; x_wconf 89' lang='lat' dir='ltr'>antiqua</span> <span class='ocrx_word' id='word_1_76' title='bbox 537 1159 594 1220; x_wconf 92' lang='lat' dir='ltr'>sub</span> <span class='ocrx_word' id='word_1_77' title='bbox 609 1161 756 1235; x_wconf 82' lang='lat' dir='ltr'>religione</span> <span class='ocrx_word' id='word_1_78' title='bbox 770 1160 856 1220; x_wconf 87' lang='lat' dir='ltr'>tueri.</span> 
     </span>
    </p>

    <p class='ocr_par' dir='ltr' id='par_1_10' title="bbox 136 1244 956 1322">
     <span class='ocr_line' id='line_1_13' title="bbox 136 1244 956 1322; baseline 0.002 -20"><span class='ocrx_word' id='word_1_79' title='bbox 136 1244 231 1322; x_wconf 88' lang='lat' dir='ltr'>„Nam</span> <span class='ocrx_word' id='word_1_80' title='bbox 246 1244 273 1302; x_wconf 93' lang='lat' dir='ltr'>si</span> <span class='ocrx_word' id='word_1_81' title='bbox 287 1250 391 1302; x_wconf 92' lang='lat' dir='ltr'>vestra</span> <span class='ocrx_word' id='word_1_82' title='bbox 403 1259 511 1303; x_wconf 88' lang='lat' dir='ltr'>manus</span> <span class='ocrx_word' id='word_1_83' title='bbox 526 1245 674 1304; x_wconf 90' lang='lat' dir='ltr'>violasset</span> <span class='ocrx_word' id='word_1_84' title='bbox 689 1245 771 1305; x_wconf 89' lang='lat' dir='ltr'>dona</span> <span class='ocrx_word' id='word_1_85' title='bbox 784 1245 956 1314; x_wconf 87' lang='lat' dir='ltr'>Minervae;</span> 
     </span>
    </p>

    <p class='ocr_par' dir='ltr' id='par_1_11' title="bbox 135 1327 1101 1739">
     <span class='ocr_line' id='line_1_14' title="bbox 136 1327 1101 1405; baseline 0.003 -18"><span class='ocrx_word' id='word_1_86' title='bbox 136 1328 231 1405; x_wconf 91' lang='lat' dir='ltr'>„Tum</span> <span class='ocrx_word' id='word_1_87' title='bbox 241 1342 382 1401; x_wconf 83' lang='lat' dir='ltr'>magnum</span> <span class='ocrx_word' id='word_1_88' title='bbox 394 1327 537 1387; x_wconf 86' lang='lat' dir='ltr'>exitium-</span> <span class='ocrx_word' id='word_1_89' title='bbox 546 1329 630 1403; x_wconf 90' lang='lat' dir='ltr'>quod</span> <span class='ocrx_word' id='word_1_90' title='bbox 642 1327 674 1388; x_wconf 91' lang='lat' dir='ltr'>di</span> <span class='ocrx_word' id='word_1_91' title='bbox 684 1329 769 1403; x_wconf 91' lang='lat' dir='ltr'>prius</span> <span class='ocrx_word' id='word_1_92' title='bbox 782 1343 871 1387; x_wconf 92' lang='lat' dir='ltr'>omen</span> <span class='ocrx_word' id='word_1_93' title='bbox 882 1328 914 1387; x_wconf 91' lang='lat' dir='ltr'>in</span> <span class='ocrx_word' id='word_1_94' title='bbox 924 1327 1029 1402; x_wconf 90' lang='lat' dir='ltr'>ipsum</span> <span class='ocrx_word' id='word_1_95' title='bbox 1041 1336 1101 1390; x_wconf 81' lang='lat'>190</span> 
     </span>
     <span class='ocr_line' id='line_1_15' title="bbox 136 1410 1065 1489; baseline -0.004 -18"><span class='ocrx_word' id='word_1_96' title='bbox 136 1411 376 1486; x_wconf 81' lang='lat' dir='ltr'>„convertantt-</span> <span class='ocrx_word' id='word_1_97' title='bbox 396 1410 506 1471; x_wconf 87' lang='lat' dir='ltr'>Priami</span> <span class='ocrx_word' id='word_1_98' title='bbox 520 1413 647 1488; x_wconf 92' lang='lat' dir='ltr'>imperio</span> <span class='ocrx_word' id='word_1_99' title='bbox 661 1412 897 1489; x_wconf 81' lang='lat' dir='ltr'>Phrygibusque</span> <span class='ocrx_word' id='word_1_100' title='bbox 913 1412 1065 1471; x_wconf 76' lang='lat' dir='ltr'>futurum:</span> 
     </span>
     <span class='ocr_line' id='line_1_16' title="bbox 136 1493 1048 1571; baseline -0.001 -16"><span class='ocrx_word' id='word_1_101' title='bbox 136 1494 210 1571; x_wconf 93' lang='lat' dir='ltr'>„Sin</span> <span class='ocrx_word' id='word_1_102' title='bbox 225 1493 363 1554; x_wconf 89' lang='lat' dir='ltr'>manibus</span> <span class='ocrx_word' id='word_1_103' title='bbox 379 1497 488 1556; x_wconf 90' lang='lat' dir='ltr'>vestris</span> <span class='ocrx_word' id='word_1_104' title='bbox 504 1504 637 1556; x_wconf 90' lang='lat' dir='ltr'>vestram</span> <span class='ocrx_word' id='word_1_105' title='bbox 651 1495 864 1555; x_wconf 86' lang='lat' dir='ltr'>adscendisset</span> <span class='ocrx_word' id='word_1_106' title='bbox 878 1495 909 1554; x_wconf 94' lang='lat' dir='ltr'>in</span> <span class='ocrx_word' id='word_1_107' title='bbox 924 1494 1048 1567; x_wconf 77' lang='lat' dir='ltr'>urben13</span> 
     </span>
     <span class='ocr_line' id='line_1_17' title="bbox 135 1579 916 1656; baseline -0.003 -17"><span class='ocrx_word' id='word_1_108' title='bbox 135 1579 240 1655; x_wconf 90' lang='lat' dir='ltr'>„Ultro</span> <span class='ocrx_word' id='word_1_109' title='bbox 254 1579 362 1638; x_wconf 82' lang='lat' dir='ltr'>Asiam</span> <span class='ocrx_word' id='word_1_110' title='bbox 375 1596 485 1656; x_wconf 87' lang='lat' dir='ltr'>magno</span> <span class='ocrx_word' id='word_1_111' title='bbox 499 1579 633 1656; x_wconf 89' lang='lat' dir='ltr'>Pelopea</span> <span class='ocrx_word' id='word_1_112' title='bbox 647 1581 688 1639; x_wconf 89' lang='lat' dir='ltr'>ad</span> <span class='ocrx_word' id='word_1_113' title='bbox 701 1581 823 1639; x_wconf 83' lang='lat' dir='ltr'>moenia</span> <span class='ocrx_word' id='word_1_114' title='bbox 835 1579 916 1638; x_wconf 90' lang='lat' dir='ltr'>bello</span> 
     </span>
     <span class='ocr_line' id='line_1_18' title="bbox 135 1663 951 1739; baseline 0.002 -19"><span class='ocrx_word' id='word_1_115' title='bbox 135 1663 330 1739; x_wconf 77' lang='lat' dir='ltr'>„Venturam</span> <span class='ocrx_word' id='word_1_116' title='bbox 345 1669 375 1722; x_wconf 83' lang='lat' dir='ltr'>et</span> <span class='ocrx_word' id='word_1_117' title='bbox 387 1671 511 1724; x_wconf 92' lang='lat' dir='ltr'>nostros</span> <span class='ocrx_word' id='word_1_118' title='bbox 527 1680 564 1724; x_wconf 90' lang='lat' dir='ltr'>ea</span> <span class='ocrx_word' id='word_1_119' title='bbox 578 1665 640 1724; x_wconf 88' lang='lat' dir='ltr'>lata</span> <span class='ocrx_word' id='word_1_120' title='bbox 654 1679 777 1723; x_wconf 89' lang='lat' dir='ltr'>manere</span> <span class='ocrx_word' id='word_1_121' title='bbox 791 1666 951 1739; x_wconf 86' lang='lat' dir='ltr'>nepotes.“</span> 
     </span>
    </p>

    <p class='ocr_par' dir='ltr' id='par_1_12' title="bbox 134 1745 1097 1907">
     <span class='ocr_line' id='line_1_19' title="bbox 134 1745 1097 1823; baseline 0.006 -18"><span class='ocrx_word' id='word_1_122' title='bbox 134 1746 258 1806; x_wconf 88' lang='lat' dir='ltr'>Talibus</span> <span class='ocrx_word' id='word_1_123' title='bbox 273 1746 391 1807; x_wconf 89' lang='lat' dir='ltr'>insidiis</span> <span class='ocrx_word' id='word_1_124' title='bbox 406 1748 580 1823; x_wconf 91' lang='lat' dir='ltr'>periurique</span> <span class='ocrx_word' id='word_1_125' title='bbox 594 1755 658 1807; x_wconf 81' lang='lat' dir='ltr'>arte</span> <span class='ocrx_word' id='word_1_126' title='bbox 673 1745 796 1807; x_wconf 88' lang='lat' dir='ltr'>Sinonis</span> <span class='ocrx_word' id='word_1_127' title='bbox 1040 1756 1097 1812; x_wconf 79' lang='lat'>195</span> 
     </span>
     <span class='ocr_line' id='line_1_20' title="bbox 136 1829 935 1907; baseline 0 -17"><span class='ocrx_word' id='word_1_128' title='bbox 136 1829 258 1890; x_wconf 81' lang='lat' dir='ltr'>Credita</span> <span class='ocrx_word' id='word_1_129' title='bbox 271 1845 332 1906; x_wconf 91' lang='lat' dir='ltr'>res,</span> <span class='ocrx_word' id='word_1_130' title='bbox 348 1833 491 1907; x_wconf 87' lang='lat' dir='ltr'>captique</span> <span class='ocrx_word' id='word_1_131' title='bbox 507 1832 586 1893; x_wconf 91' lang='lat' dir='ltr'>dolis</span> <span class='ocrx_word' id='word_1_132' title='bbox 600 1832 795 1906; x_wconf 89' lang='lat' dir='ltr'>lacrimisque</span> <span class='ocrx_word' id='word_1_133' title='bbox 810 1830 935 1906; x_wconf 87' lang='lat' dir='ltr'>coactis,</span> 
     </span>
    </p>

    <p class='ocr_par' dir='ltr' id='par_1_13' title="bbox 136 1913 915 1993">
     <span class='ocr_line' id='line_1_21' title="bbox 136 1913 915 1993; baseline 0 -20"><span class='ocrx_word' id='word_1_134' title='bbox 136 1913 219 1987; x_wconf 83' lang='lat' dir='ltr'>Quos</span> <span class='ocrx_word' id='word_1_135' title='bbox 234 1930 334 1990; x_wconf 90' lang='lat' dir='ltr'>neque</span> <span class='ocrx_word' id='word_1_136' title='bbox 347 1915 492 1993; x_wconf 87' lang='lat' dir='ltr'>Tydides,</span> <span class='ocrx_word' id='word_1_137' title='bbox 507 1930 564 1975; x_wconf 92' lang='lat' dir='ltr'>nec</span> <span class='ocrx_word' id='word_1_138' title='bbox 577 1915 756 1975; x_wconf 86' lang='lat' dir='ltr'>Larissaeus</span> <span class='ocrx_word' id='word_1_139' title='bbox 770 1914 915 1989; x_wconf 89' lang='lat' dir='ltr'>Achilles,</span> 
     </span>
    </p>

    <p class='ocr_par' dir='ltr' id='par_1_14' title="bbox 134 1996 895 2072">
     <span class='ocr_line' id='line_1_22' title="bbox 134 1996 895 2072; baseline 0 -16"><span class='ocrx_word' id='word_1_140' title='bbox 134 1996 202 2057; x_wconf 89' lang='lat' dir='ltr'>Non</span> <span class='ocrx_word' id='word_1_141' title='bbox 217 1999 288 2058; x_wconf 92' lang='lat' dir='ltr'>anni</span> <span class='ocrx_word' id='word_1_142' title='bbox 303 1998 448 2058; x_wconf 90' lang='lat' dir='ltr'>domuere</span> <span class='ocrx_word' id='word_1_143' title='bbox 464 1999 579 2072; x_wconf 87' lang='lat' dir='ltr'>decern,</span> <span class='ocrx_word' id='word_1_144' title='bbox 595 2014 656 2057; x_wconf 91' lang='lat' dir='ltr'>non</span> <span class='ocrx_word' id='word_1_145' title='bbox 668 1998 749 2058; x_wconf 92' lang='lat' dir='ltr'>mille</span> <span class='ocrx_word' id='word_1_146' title='bbox 764 1999 895 2057; x_wconf 88' lang='lat' dir='ltr'>carinae.</span> 
     </span>
    </p>

    <p class='ocr_par' dir='ltr' id='par_1_15' title="bbox 133 2080 1097 2324">
     <span class='ocr_line' id='line_1_23' title="bbox 176 2080 951 2157; baseline 0.001 -18"><span class='ocrx_word' id='word_1_147' title='bbox 176 2080 233 2140; x_wconf 91' lang='lat' dir='ltr'>Hic</span> <span class='ocrx_word' id='word_1_148' title='bbox 248 2082 331 2142; x_wconf 91' lang='lat' dir='ltr'>aliud</span> <span class='ocrx_word' id='word_1_149' title='bbox 344 2083 443 2141; x_wconf 90' lang='lat' dir='ltr'>maius</span> <span class='ocrx_word' id='word_1_150' title='bbox 457 2082 577 2141; x_wconf 91' lang='lat' dir='ltr'>miseris</span> <span class='ocrx_word' id='word_1_151' title='bbox 592 2082 747 2157; x_wconf 90' lang='lat' dir='ltr'>multoque</span> <span class='ocrx_word' id='word_1_152' title='bbox 762 2081 951 2142; x_wconf 90' lang='lat' dir='ltr'>tremendum</span> 
     </span>
     <span class='ocr_line' id='line_1_24' title="bbox 135 2163 1097 2240; baseline 0.005 -15"><span class='ocrx_word' id='word_1_153' title='bbox 135 2163 282 2225; x_wconf 84' lang='lat' dir='ltr'>Obiicitur</span> <span class='ocrx_word' id='word_1_154' title='bbox 295 2165 402 2239; x_wconf 80' lang='lat' dir='ltr'>magis,</span> <span class='ocrx_word' id='word_1_155' title='bbox 417 2171 508 2240; x_wconf 88' lang='lat' dir='ltr'>atque</span> <span class='ocrx_word' id='word_1_156' title='bbox 523 2165 696 2240; x_wconf 87' lang='lat' dir='ltr'>improvida</span> <span class='ocrx_word' id='word_1_157' title='bbox 709 2172 835 2239; x_wconf 87' lang='lat' dir='ltr'>pectora</span> <span class='ocrx_word' id='word_1_158' title='bbox 848 2165 957 2225; x_wconf 76' lang='lat' dir='ltr'>turbat</span> <span class='ocrx_word' id='word_1_159' title='bbox 1037 2176 1097 2231; x_wconf 81' lang='lat'>200</span> 
     </span>
     <span class='ocr_line' id='line_1_25' title="bbox 133 2248 839 2324; baseline 0.003 -17"><span class='ocrx_word' id='word_1_160' title='bbox 133 2248 289 2323; x_wconf 88' lang='lat' dir='ltr'>Laocoon,</span> <span class='ocrx_word' id='word_1_161' title='bbox 305 2249 414 2308; x_wconf 89' lang='lat' dir='ltr'>ductus</span> <span class='ocrx_word' id='word_1_162' title='bbox 428 2248 567 2324; x_wconf 90' lang='lat' dir='ltr'>Neptuno</span> <span class='ocrx_word' id='word_1_163' title='bbox 583 2255 666 2308; x_wconf 88' lang='lat' dir='ltr'>sorte</span> <span class='ocrx_word' id='word_1_164' title='bbox 681 2250 839 2324; x_wconf 89' lang='lat' dir='ltr'>sacerdos,</span> 
     </span>
    </p>

    <p class='ocr_par' dir='ltr' id='par_1_16' title="bbox 58 2330 906 2408">
     <span class='ocr_line' id='line_1_26' title="bbox 58 2330 906 2408; baseline 0 -17"><span class='ocrx_word' id='word_1_165' title='bbox 58 2362 63 2369; x_wconf 88' lang='lat'>.</span> <span class='ocrx_word' id='word_1_166' title='bbox 135 2330 296 2391; x_wconf 80' lang='lat' dir='ltr'>solemnes</span> <span class='ocrx_word' id='word_1_167' title='bbox 309 2338 426 2391; x_wconf 90' lang='lat' dir='ltr'>taurum</span> <span class='ocrx_word' id='word_1_168' title='bbox 440 2333 592 2408; x_wconf 88' lang='lat' dir='ltr'>ingentem</span> <span class='ocrx_word' id='word_1_169' title='bbox 606 2332 759 2392; x_wconf 87' lang='lat' dir='ltr'>mactabat</span> <span class='ocrx_word' id='word_1_170' title='bbox 772 2332 813 2391; x_wconf 89' lang='lat' dir='ltr'>ad</span> <span class='ocrx_word' id='word_1_171' title='bbox 827 2347 906 2392; x_wconf 89' lang='lat' dir='ltr'>aras.</span> 
     </span>
    </p>

    <p class='ocr_par' dir='ltr' id='par_1_17' title="bbox 133 2414 964 2574">
     <span class='ocr_line' id='line_1_27' title="bbox 133 2414 964 2490; baseline 0.004 -17"><span class='ocrx_word' id='word_1_172' title='bbox 133 2414 214 2473; x_wconf 85' lang='lat' dir='ltr'>Ecce</span> <span class='ocrx_word' id='word_1_173' title='bbox 228 2422 329 2475; x_wconf 87' lang='lat' dir='ltr'>autem</span> <span class='ocrx_word' id='word_1_174' title='bbox 343 2415 454 2490; x_wconf 90' lang='lat' dir='ltr'>gemini</span> <span class='ocrx_word' id='word_1_175' title='bbox 469 2432 488 2475; x_wconf 89' lang='lat' dir='ltr'>a</span> <span class='ocrx_word' id='word_1_176' title='bbox 501 2416 624 2475; x_wconf 88' lang='lat' dir='ltr'>Tenedo</span> <span class='ocrx_word' id='word_1_177' title='bbox 640 2416 802 2489; x_wconf 88' lang='lat' dir='ltr'>tranquilla</span> <span class='ocrx_word' id='word_1_178' title='bbox 816 2431 871 2490; x_wconf 91' lang='lat' dir='ltr'>per</span> <span class='ocrx_word' id='word_1_179' title='bbox 885 2417 964 2476; x_wconf 87' lang='lat' dir='ltr'>alta-</span> 
     </span>
     <span class='ocr_line' id='line_1_28' title="bbox 133 2496 893 2574; baseline 0.004 -18"><span class='ocrx_word' id='word_1_180' title='bbox 133 2498 286 2557; x_wconf 86' lang='lat' dir='ltr'>Horr&#39;esco</span> <span class='ocrx_word' id='word_1_181' title='bbox 301 2496 620 2560; x_wconf 83' lang='lat' dir='ltr'>reterens-immensis</span> <span class='ocrx_word' id='word_1_182' title='bbox 637 2499 762 2561; x_wconf 92' lang='lat' dir='ltr'>orbibus</span> <span class='ocrx_word' id='word_1_183' title='bbox 778 2515 893 2574; x_wconf 88' lang='lat' dir='ltr'>angues</span> 
     </span>
    </p>

    <p class='ocr_par' dir='ltr' id='par_1_18' title="bbox 132 2581 1095 2827">
     <span class='ocr_line' id='line_1_29' title="bbox 132 2581 1095 2659; baseline 0.008 -18"><span class='ocrx_word' id='word_1_184' title='bbox 132 2581 313 2642; x_wconf 89' lang='lat' dir='ltr'>Incumbunt</span> <span class='ocrx_word' id='word_1_185' title='bbox 326 2582 446 2658; x_wconf 89' lang='lat' dir='ltr'>pelago,</span> <span class='ocrx_word' id='word_1_186' title='bbox 461 2585 636 2659; x_wconf 86' lang='lat' dir='ltr'>pariterque</span> <span class='ocrx_word' id='word_1_187' title='bbox 650 2583 691 2643; x_wconf 90' lang='lat' dir='ltr'>ad</span> <span class='ocrx_word' id='word_1_188' title='bbox 705 2583 794 2643; x_wconf 88' lang='lat' dir='ltr'>litora</span> <span class='ocrx_word' id='word_1_189' title='bbox 807 2584 948 2644; x_wconf 77' lang='lat' dir='ltr'>tendunt:</span> <span class='ocrx_word' id='word_1_190' title='bbox 1035 2596 1095 2652; x_wconf 73' lang='lat'>205</span> 
     </span>
     <span class='ocr_line' id='line_1_30' title="bbox 132 2664 921 2742; baseline 0.003 -18"><span class='ocrx_word' id='word_1_191' title='bbox 132 2664 261 2725; x_wconf 89' lang='lat' dir='ltr'>Pectora</span> <span class='ocrx_word' id='word_1_192' title='bbox 277 2680 406 2740; x_wconf 90' lang='lat' dir='ltr'>quorum</span> <span class='ocrx_word' id='word_1_193' title='bbox 420 2667 498 2727; x_wconf 92' lang='lat' dir='ltr'>inter</span> <span class='ocrx_word' id='word_1_194' title='bbox 511 2666 621 2727; x_wconf 87' lang='lat' dir='ltr'>lluctus</span> <span class='ocrx_word' id='word_1_195' title='bbox 637 2675 755 2726; x_wconf 88' lang='lat' dir='ltr'>arrecta</span> <span class='ocrx_word' id='word_1_196' title='bbox 768 2667 921 2742; x_wconf 87' lang='lat' dir='ltr'>iubaeque</span> 
     </span>
     <span class='ocr_line' id='line_1_31' title="bbox 134 2748 953 2827; baseline 0.002 -18"><span class='ocrx_word' id='word_1_197' title='bbox 134 2748 327 2824; x_wconf 81' lang='lat' dir='ltr'>sanguineae</span> <span class='ocrx_word' id='word_1_198' title='bbox 341 2758 486 2825; x_wconf 89' lang='lat' dir='ltr'>superant</span> <span class='ocrx_word' id='word_1_199' title='bbox 498 2751 608 2826; x_wconf 91' lang='lat' dir='ltr'>undas,</span> <span class='ocrx_word' id='word_1_200' title='bbox 622 2768 695 2827; x_wconf 87' lang='lat' dir='ltr'>pars</span> <span class='ocrx_word' id='word_1_201' title='bbox 711 2759 813 2811; x_wconf 89' lang='lat' dir='ltr'>cetera</span> <span class='ocrx_word' id='word_1_202' title='bbox 826 2758 953 2827; x_wconf 90' lang='lat' dir='ltr'>pontum</span> 
     </span>
    </p>

    <p class='ocr_par' dir='ltr' id='par_1_19' title="bbox 132 2831 914 2911">
     <span class='ocr_line' id='line_1_32' title="bbox 132 2831 914 2911; baseline 0.001 -19"><span class='ocrx_word' id='word_1_203' title='bbox 132 2831 216 2894; x_wconf 92' lang='lat' dir='ltr'>Pone</span> <span class='ocrx_word' id='word_1_204' title='bbox 230 2833 303 2909; x_wconf 90' lang='lat' dir='ltr'>legit</span> <span class='ocrx_word' id='word_1_205' title='bbox 317 2834 477 2909; x_wconf 90' lang='lat' dir='ltr'>sinuatque</span> <span class='ocrx_word' id='word_1_206' title='bbox 491 2835 640 2896; x_wconf 91' lang='lat' dir='ltr'>immensa</span> <span class='ocrx_word' id='word_1_207' title='bbox 652 2835 805 2896; x_wconf 90' lang='lat' dir='ltr'>volumine</span> <span class='ocrx_word' id='word_1_208' title='bbox 819 2844 914 2911; x_wconf 88' lang='lat' dir='ltr'>terga.</span> 
     </span>
    </p>

    <p class='ocr_par' dir='ltr' id='par_1_20' title="bbox 131 2916 1092 3163">
     <span class='ocr_line' id='line_1_33' title="bbox 131 2916 987 2995; baseline 0 -16"><span class='ocrx_word' id='word_1_209' title='bbox 131 2916 180 2979; x_wconf 88' lang='lat' dir='ltr'>Fit</span> <span class='ocrx_word' id='word_1_210' title='bbox 194 2918 313 2979; x_wconf 89' lang='lat' dir='ltr'>sonitus</span> <span class='ocrx_word' id='word_1_211' title='bbox 328 2925 488 2994; x_wconf 88' lang='lat' dir='ltr'>spumante</span> <span class='ocrx_word' id='word_1_212' title='bbox 502 2922 579 2982; x_wconf 89' lang='lat' dir='ltr'>salo.</span> <span class='ocrx_word' id='word_1_213' title='bbox 608 2920 732 2995; x_wconf 87' lang='lat' dir='ltr'>lamque</span> <span class='ocrx_word' id='word_1_214' title='bbox 747 2936 821 2980; x_wconf 84' lang='lat' dir='ltr'>arva</span> <span class='ocrx_word' id='word_1_215' title='bbox 835 2919 987 2993; x_wconf 82' lang='lat' dir='ltr'>tenebant,</span> 
     </span>
     <span class='ocr_line' id='line_1_34' title="bbox 132 3001 1092 3080; baseline 0.009 -19"><span class='ocrx_word' id='word_1_216' title='bbox 132 3001 347 3077; x_wconf 84' lang='lat' dir='ltr'>Ardentesque</span> <span class='ocrx_word' id='word_1_217' title='bbox 362 3004 469 3064; x_wconf 90' lang='lat' dir='ltr'>oculos</span> <span class='ocrx_word' id='word_1_218' title='bbox 485 3004 603 3065; x_wconf 86' lang='lat' dir='ltr'>suffecti</span> <span class='ocrx_word' id='word_1_219' title='bbox 618 3005 765 3080; x_wconf 88' lang='lat' dir='ltr'>sanguine</span> <span class='ocrx_word' id='word_1_220' title='bbox 780 3012 810 3065; x_wconf 90' lang='lat' dir='ltr'>et</span> <span class='ocrx_word' id='word_1_221' title='bbox 824 3003 895 3079; x_wconf 89' lang='lat' dir='ltr'>igni,</span> <span class='ocrx_word' id='word_1_222' title='bbox 1034 3016 1092 3071; x_wconf 78' lang='lat'>210</span> 
     </span>
     <span class='ocr_line' id='line_1_35' title="bbox 133 3085 821 3163; baseline 0 -18"><span class='ocrx_word' id='word_1_223' title='bbox 133 3085 230 3145; x_wconf 88' lang='lat' dir='ltr'>Sibila</span> <span class='ocrx_word' id='word_1_224' title='bbox 242 3086 416 3148; x_wconf 90' lang='lat' dir='ltr'>lambebant</span> <span class='ocrx_word' id='word_1_225' title='bbox 429 3088 540 3163; x_wconf 89' lang='lat' dir='ltr'>linguis</span> <span class='ocrx_word' id='word_1_226' title='bbox 553 3088 742 3149; x_wconf 88' lang='lat' dir='ltr'>vibrantibus</span> <span class='ocrx_word' id='word_1_227' title='bbox 758 3104 821 3148; x_wconf 86' lang='lat' dir='ltr'>oro.</span> 
     </span>
    </p>

    <p class='ocr_par' dir='ltr' id='par_1_21' title="bbox 131 3169 898 3248">
     <span class='ocr_line' id='line_1_36' title="bbox 131 3169 898 3248; baseline 0.003 -19"><span class='ocrx_word' id='word_1_228' title='bbox 131 3169 312 3246; x_wconf 82' lang='lat' dir='ltr'>Diffugimus</span> <span class='ocrx_word' id='word_1_229' title='bbox 326 3172 396 3232; x_wconf 91' lang='lat' dir='ltr'>visu</span> <span class='ocrx_word' id='word_1_230' title='bbox 409 3188 593 3248; x_wconf 87' lang='lat' dir='ltr'>exsangues.</span> <span class='ocrx_word' id='word_1_231' title='bbox 620 3173 667 3232; x_wconf 91' lang='lat' dir='ltr'>llli</span> <span class='ocrx_word' id='word_1_232' title='bbox 681 3173 800 3248; x_wconf 90' lang='lat' dir='ltr'>agmine</span> <span class='ocrx_word' id='word_1_233' title='bbox 815 3178 898 3232; x_wconf 90' lang='lat' dir='ltr'>certo</span> 
     </span>
    </p>

    <p class='ocr_par' dir='ltr' id='par_1_22' title="bbox 130 3252 882 3333">
     <span class='ocr_line' id='line_1_37' title="bbox 130 3252 882 3333; baseline 0.004 -19"><span class='ocrx_word' id='word_1_234' title='bbox 130 3252 308 3316; x_wconf 86' lang='lat' dir='ltr'>Laocoonta</span> <span class='ocrx_word' id='word_1_235' title='bbox 321 3263 436 3332; x_wconf 81' lang='lat' dir='ltr'>petunt,</span> <span class='ocrx_word' id='word_1_236' title='bbox 455 3262 485 3317; x_wconf 92' lang='lat' dir='ltr'>et</span> <span class='ocrx_word' id='word_1_237' title='bbox 499 3258 628 3333; x_wconf 90' lang='lat' dir='ltr'>primum</span> <span class='ocrx_word' id='word_1_238' title='bbox 642 3273 739 3332; x_wconf 84' lang='lat' dir='ltr'>parva</span> <span class='ocrx_word' id='word_1_239' title='bbox 752 3257 882 3317; x_wconf 86' lang='lat' dir='ltr'>duorum</span> 
     </span>
    </p>

    <p class='ocr_par' dir='ltr' id='par_1_23' title="bbox 124 3337 1088 3503">
     <span class='ocr_line' id='line_1_38' title="bbox 132 3337 932 3418; baseline 0 -20"><span class='ocrx_word' id='word_1_240' title='bbox 132 3337 270 3414; x_wconf 80' lang='lat' dir='ltr'>Corpora</span> <span class='ocrx_word' id='word_1_241' title='bbox 283 3348 422 3407; x_wconf 87' lang='lat' dir='ltr'>natorum</span> <span class='ocrx_word' id='word_1_242' title='bbox 437 3356 565 3418; x_wconf 88' lang='lat' dir='ltr'>serpens</span> <span class='ocrx_word' id='word_1_243' title='bbox 580 3341 739 3415; x_wconf 86' lang='lat' dir='ltr'>amplexus</span> <span class='ocrx_word' id='word_1_244' title='bbox 754 3345 883 3413; x_wconf 89' lang='lat' dir='ltr'>uterque</span> <span class='ocrx_word' id='word_1_245' title='bbox 929 3376 932 3381; x_wconf 92' lang='lat'><em>-</em></span> 
     </span>
     <span class='ocr_line' id='line_1_39' title="bbox 124 3420 1088 3503; baseline 0.004 -21"><span class='ocrx_word' id='word_1_246' title='bbox 124 3420 273 3501; x_wconf 80' lang='lat' dir='ltr'>lrnplicat,</span> <span class='ocrx_word' id='word_1_247' title='bbox 290 3430 320 3485; x_wconf 89' lang='lat' dir='ltr'>et</span> <span class='ocrx_word' id='word_1_248' title='bbox 332 3425 465 3489; x_wconf 88' lang='lat' dir='ltr'>miseros</span> <span class='ocrx_word' id='word_1_249' title='bbox 479 3442 585 3489; x_wconf 89' lang='lat' dir='ltr'>morsu</span> <span class='ocrx_word' id='word_1_250' title='bbox 598 3425 772 3503; x_wconf 87' lang='lat' dir='ltr'>depascitur</span> <span class='ocrx_word' id='word_1_251' title='bbox 785 3429 883 3492; x_wconf 65' lang='lat' dir='ltr'>artusa</span> <span class='ocrx_word' id='word_1_252' title='bbox 1031 3430 1088 3487; x_wconf 70' lang='lat'>21⁵</span> 
     </span>
    </p>
   </div>
   <div class='ocr_carea' id='block_1_3' title="bbox 0 0 1168 3780">
    <p class='ocr_par' dir='ltr' id='par_1_24' title="bbox 0 0 1168 3780">
     <span class='ocr_line' id='line_1_40' title="bbox 0 0 1168 3780; baseline 0 3"><span class='ocrx_word' id='word_1_253' title='bbox 0 0 1168 3780; x_wconf 95' lang='lat' dir='ltr'> </span> 
     </span>
    </p>
   </div>
  </div>
 </body>
</html>
