2326 3780
153 206 195 272 38
427 203 460 262 P.
480 202 641 262 VIRGILII
661 202 836 265 nunonis

153 363 248 435 Luna,
261 362 449 418 revertentes
465 373 558 432 quum
571 355 701 432 primum
716 356 830 432 colligit
843 357 944 435 ignes,

155 445 188 506 si
202 444 322 519 nigrum
336 440 708 516 obscurocomprenderit
722 444 793 500 uera
808 456 919 514 comu;

153 528 304 593 Maximus
320 525 461 601 agricolis
475 525 649 600 pelagoque
662 523 817 600 parebitur
830 525 938 586 imber.
1028 524 1031 529 ’

38 684 41 689 ,
154 616 196 674 At
210 612 236 672 si
250 610 421 687 virgineum
433 606 593 670 suffuderit
607 624 660 669 ore
675 608 835 681 ruborem;
1059 623 1111 677 430

153 698 272 756 Ventus
288 695 357 755 erit:
379 700 471 753 vento
487 708 609 768 semper
622 692 710 753 rubet
724 708 817 753 auree
828 693 964 757 Phoebe.

156 781 211 843 Sin
225 788 292 842 ortu
308 784 563 854 quarto-namque
577 777 604 837 is
619 777 807 838 certissimus
823 785 942 840 auctor-

153 864 233 926 rura
245 879 347 938 neque
361 860 478 921 obtusis
492 877 548 936 per
562 861 680 923 coelum
694 861 837 922 cornibus
850 862 920 931 ibit;

154 950 248 1010 Totus
263 954 293 1007 et
305 947 357 1005 illc
371 945 448 1019 dies,
464 952 494 1005 et
508 946 560 1021 qui
574 955 739 1007 nascentur
750 946 789 1007 eb
805 947 856 1006 illo
971 964 978 973 ⁸

154 1033 303 1092 Exectum
317 1030 358 1089 ed
371 1044 516 1102 mensem,
533 1029 638 1113 pluvia
651 1028 812 1105 ventisque
827 1032 981 1107 carebunt,
1059 1043 1108 1096 135

154 1116 297 1189 Votaque
311 1114 424 1174 servati
438 1113 559 1173 solvent
571 1113 602 1171 in
616 1113 703 1173 litore
717 1122 827 1174 nautae

157 1200 271 1260 Glauco
286 1184 491 1273 &Panopeae
505 1204 536 1256 et
548 1197 623 1256 Inoo
638 1197 822 1260 Melicertae.

199 1282 252 1343 Sol
268 1297 400 1357 quoque,
416 1287 447 1341 ct
460 1280 611 1355 exoriens,
626 1289 657 1341 ct
671 1299 764 1356 quum
779 1299 813 1342 se
827 1282 939 1343 condet
953 1285 985 1344 in
996 1286 1105 1357 undas

156 1367 251 1443 Signa
265 1366 362 1427 dabit:
386 1364 483 1426 s'olem
498 1365 668 1426 certissima
682 1367 770 1442 signe
784 1375 961 1442 sequuntur,

154 1452 193 1511 Et
208 1466 287 1526 quac
300 1466 390 1510 mane
403 1451 503 1524 refert,
520 1457 550 1510 et
564 1467 644 1526 quae
659 1450 852 1526 surgentibus
868 1452 970 1512 astris.
1058 1462 1108 1515 lio

155 1537 210 1595 llle
222 1535 275 1595 ubi
288 1542 464 1596 nascentem
477 1536 604 1596 maculis
617 1535 781 1595 variaverit
796 1543 902 1609 ortum,

157 1619 302 1681 Conditus
317 1621 348 1680 in
362 1619 482 1692 nubem,
498 1619 662 1694 medioque
676 1619 819 1693 refugerit
834 1619 924 1690 erbe3

156 1704 298 1781 Suspecti
312 1704 366 1764 tibi
381 1703 442 1764 sint
455 1703 583 1764 imbres:
606 1719 738 1778 namque
752 1711 839 1778 urget
852 1703 890 1763 ab
906 1703 968 1763 alto

154 1789 387 1864 Arboribusque
401 1788 537 1863 satisque
550 1788 645 1847 Notus
660 1787 828 1863 pecorique
843 1787 976 1847 sinister.

154 1873 281 1934 Autubi
295 1873 352 1934 sub
367 1873 467 1932 lucem
481 1871 871 1932 densainternubilasese
1060 1882 1109 1935 elo

155 1957 275 2018 Diversi
289 1962 429 2032 rumpent
442 1955 529 2026 radii,
546 1962 597 2013 aut
609 1954 662 2014 ubi
676 1956 791 2030 pallida
805 1963 908 2031 surget

153 2041 273 2100 Tithoni
288 2054 430 2099 croceum
444 2037 587 2110 linquens
601 2039 722 2097 Aurora
736 2040 851 2109 cubile;

153 2122 230 2197 lieu,
245 2122 402 2199 maletum
414 2120 503 2180 mites
518 2121 662 2181 defendet
675 2125 838 2198 pampinus
853 2140 946 2183 uvas:

153 2209 228 2266 Tam
239 2206 333 2266 multa
346 2204 478 2264 intectis
493 2208 645 2281 crepitans
660 2208 729 2267 salit
742 2208 867 2267 horride
880 2207 1011 2282 grando.

152 2291 220 2351 Hoc
234 2290 333 2363 etiam,
349 2304 473 2349 emenso
490 2307 583 2366 quum
597 2291 657 2351 iam
672 2292 793 2352 decedit
808 2291 947 2368 Olymp0,
1059 2301 1109 2354 450

152 2373 301 2435 Profuerit
313 2373 488 2435 meminisse
503 2375 615 2451 magis:
637 2392 707 2435 nem
722 2391 817 2451 saepe
833 2375 971 2435 videmus

152 2459 255 2534 Ipsius
269 2458 301 2517 in
313 2458 399 2520 vrum
413 2460 515 2520 varies
530 2476 631 2519 errare
646 2461 775 2519 colores.

154 2541 319 2625 Caeruleus
334 2543 469 2619 pluviem
484 2543 648 2617 denuntiat,
664 2543 771 2617 igneus
785 2544 899 2615 Euros;

153 2626 208 2687 Sin
222 2628 359 2688 maculae
373 2628 519 2704 incipient
532 2628 620 2689 rutilo
637 2627 834 2687 immiscerier
846 2627 918 2703 igni,

154 2710 262 2771 Omnia
274 2722 338 2774 tum
352 2713 465 2787 pariter
477 2718 569 2771 vento
584 2710 756 2787 nimbisque
772 2712 890 2772 videbis
1058 2722 1109 2775 net

151 2794 299 2857 Fcrvere=
321 2812 386 2857 non
397 2796 449 2854 illa
464 2796 625 2871 quisquam
640 2811 688 2854 me
702 2803 792 2856 nocte
806 2812 862 2872 per
876 2795 969 2854 altum

151 2880 209 2954 Ire,
225 2895 325 2955 neque
339 2878 377 2938 ab
392 2885 472 2938 terra
485 2886 607 2939 moneat
621 2880 794 2939 convellere
809 2881 921 2939 iunem.

152 2966 194 3024 nt
207 2963 243 3037 si,
259 2979 352 3039 quum
365 2963 538 3037 reseretque
552 2962 633 3022 diem
648 2964 820 3039 condetque
834 2965 973 3038 relatum,

151 3047 285 3108 Lucidus
301 3045 384 3106 orbis
398 3045 469 3118 erit;
492 3048 604 3107 frustra
616 3047 769 3109 terrebere
784 3047 904 3120 nimbis,

151 3130 190 3191 Et
203 3131 285 3190 claro
301 3129 395 3190 silvas
410 3145 517 3191 cernes
532 3131 684 3206 Aquilone
698 3132 824 3193 moveri.
1058 3141 1111 3196 loo

151 3213 299 3289 Denique,
315 3214 389 3289 quid
401 3230 516 3290 vesper
529 3231 616 3275 serus
630 3215 730 3290 vehet
745 3217 828 3277 unde
841 3230 968 3277 serenas

151 3296 270 3358 Ventus
285 3305 355 3373 agat
367 3299 474 3371 nubes,
489 3299 564 3374 quid
578 3300 689 3375 cogitet
701 3299 845 3360 humidus
860 3300 983 3374 Auster,

152 3379 207 3458 Sol
220 3381 276 3442 tibi-
288 3383 376 3457 signa
390 3382 482 3443 dabit.
518 3382 622 3444 Solem
637 3385 705 3459 quis
720 3384 823 3444 dicere
839 3384 953 3443 falsum

151 3466 293 3531 Audeat?
312 3466 366 3527 Ille
380 3468 470 3528 etiam
484 3483 595 3529 caecos
611 3468 724 3529 instare
737 3467 883 3529 tumultus
