2326 3780
80 199 144 265 lio
350 200 382 259 Ρ.
407 202 563 263 VIRGlLil
584 200 759 263 MARONIS

79 355 290 431 Avulsumque
302 355 437 415 humeris
451 360 585 430 caputet
598 355 665 415 sino
679 355 799 416 nomine
813 370 941 430 corpus.

120 442 161 500 At
174 454 224 499 me
237 446 299 499 tum
313 439 443 516 primum
457 454 571 499 saevus
585 439 780 500 circumstetit
794 440 915 499 horror.

81 519 243 599 Obstupui=
265 523 357 585 subiit
371 523 433 583 cari
447 522 592 597 genitoris
606 523 716 597 unago,
983 530 1038 586 560

78 606 118 668 Ut
131 623 233 683 regem
247 622 437 683 aequaevum
451 607 568 667 erudeli
582 608 706 666 vulnere
718 606 783 666 vidi

77 690 179 751 Vitam
193 692 400 763 exhalantem
415 688 514 752 subiit
528 690 650 751 deserta
665 690 778 751 credsa

77 774 117 836 Et
129 775 248 851 direpta
263 777 372 836 domus
386 782 417 835 et
431 774 519 851 parvi
532 790 625 835 ausus
639 775 705 834 iuii.

77 859 222 935 Respieio
238 867 276 931 et,
292 875 371 934 quae
385 860 426 919 sit
438 874 487 919 me
502 859 615 918 circum
629 859 728 933 eopia,
743 860 850 924 lustro.

76 943 248 1003 Deseruere
262 958 369 1003 omnes
383 943 508 1016 defessi,
524 949 554 1002 et
568 958 700 1017 corpora
713 944 794 1003 saltu
984 951 1039 1007 565

76 1027 128 1087 Ad
141 1033 251 1087 terram
265 1028 378 1087 misere
391 1034 443 1087 aut
456 1026 577 1102 ignibus
592 1042 685 1101 aegra
699 1027 822 1087 dedere.

78 1111 215 1185 [Iamque
229 1110 308 1171 adeo
323 1128 417 1187 super
429 1128 508 1171 unus
524 1126 615 1183 eram,
631 1127 723 1186 quum
736 1110 838 1169 limina
850 1109 974 1171 Vestae

77 1192 257 1254 Servantem
273 1201 303 1254 et
315 1195 436 1256 tacitam
451 1201 570 1255 saerata
583 1194 615 1253 in
629 1194 706 1259 sede
720 1195 863 1255 latentem

76 1277 253 1355 Tyndarida
266 1278 423 1355 adspicio:
444 1280 518 1339 dant
532 1280 614 1338 eiuro
627 1278 769 1339 incendia
782 1278 881 1339 iuoem

75 1361 193 1421 Erranti
207 1363 385 1438 passimque
399 1365 505 1423 oeulos
520 1378 576 1440 per
589 1369 697 1423 aunota
711 1363 826 1422 serenti.
982 1372 1037 1427 571

75 1445 131 1504 illa
145 1444 203 1505 sibi
216 1447 345 1507 infestos
360 1447 523 1508 eversaob
537 1448 685 1522 Pergama
697 1446 841 1518 Teucros,

75 1529 113 1589 Et
126 1544 243 1605 poenas
257 1532 397 1592 Danaum
410 1540 440 1593 et
454 1532 568 1592 deserti
584 1531 722 1605 coniugis
737 1531 798 1590 iras

75 1611 297 1689 Praememens,
313 1616 421 1677 troiae
436 1616 596 1692 atpatriae
610 1614 778 1675 eommunis
792 1613 915 1693 Erinys,

73 1697 244 1759 Abdiderat
258 1714 330 1761 sese
344 1707 436 1775 atque
451 1700 512 1760 aris
527 1700 628 1761 invisa
641 1698 778 1759 sedebat.

73 1782 226 1844 Exarsere
240 1784 327 1859 ignes
342 1786 452 1859 anima
467 1784 549 1845 subit
562 1784 608 1843 ira
621 1783 779 1842 uadentem
981 1793 1035 1849 575

7 1898 13 1911 ·
52 1938 58 1949 ⁶
73 1867 188 1928 Uloisoi
201 1870 329 1942 patriam
345 1875 375 1929 01
389 1870 553 1929 sceleratas
568 1882 687 1927 sumere
703 1882 830 1941 poenas.

74 1949 218 2025 „Scilicet
232 1952 308 2012 haee
324 1952 464 2031 Spartam
477 1952 638 2011 incolumis
652 1951 829 2026 patriasque
842 1950 999 2028 Mycenas

74 2035 266 2110 „Adspiciat
282 2038 432 2111 partoque
446 2036 500 2095 ibit
513 2035 619 2110 ragina
634 2033 794 2109 triumpho,

73 2117 338 2194 „coniugiumque
353 2118 539 2193 domtnnque
555 2124 658 2194 patres
671 2125 823 2192 natosque
836 2118 965 2195 videbit,

74 2202 222 2276 „Iliadum
236 2201 324 2261 turba
339 2208 369 2262 et
381 2202 521 2279 Phrygiis
537 2202 679 2263 comitata
692 2202 854 2273 1111010111ος
948 2254 952 2263 ,
979 2214 1038 2271 ⁵80

73 2284 247 2359 „Occiderit
260 2286 341 2346 ferro
355 2284 500 2361 Priamus,
515 2287 605 2347 Troia
619 2287 727 2346 arserit
740 2285 811 2360 igni,

72 2368 280 2445 „Dardanium
294 2370 384 2430 toties
400 2371 517 2431 sudarit
531 2370 679 2445 sanguine
691 2368 786 2429 iitrast

72 2450 161 2528 „Non
175 2452 232 2512 ita=
253 2469 385 2528 namque
399 2456 457 2516 etsi
471 2455 585 2514 nuiium
599 2452 797 2513 memorabile
809 2460 923 2515 nomen

72 2536 235 2613 „Feminea
248 2537 279 2596 in
293 2552 395 2613 poena
409 2544 528 2598 estnec
541 2538 633 2597 habet
646 2537 776 2599 viatoria
788 2536 921 2613 laudona

72 2620 285 2695 ,AExstinxisse
298 2622 386 2683 nefas
401 2630 501 2683 tamen
516 2622 546 2681 'et
561 2622 712 2683 sumsisse
724 2620 869 2682 1110101111
977 2632 1036 2691 aas

72 2702 256 2781 „Laudabor
269 2721 397 2781 poenas,
413 2707 609 2781 animumque
623 2707 768 2781 explesse
782 2704 898 2766 iuvabit

71 2787 215 2863 „Ultriois
228 2787 368 2849 dammae
383 2796 413 2851 et
426 2791 545 2851 eineres
560 2790 693 2851 satiasse
706 2794 872 2851 meorum.“

70 2870 156 2934 Tutia
169 2872 318 2933 iactabant
334 2880 365 2933 01
378 2874 487 2935 furiata
501 2882 601 2935 menta
615 2874 769 2947 ferebam]

72 2957 169 3031 Quum
183 2956 256 3017 mihi
270 2972 314 3032 se,
331 2973 393 3018 non
407 2964 477 3019 ante
491 2960 587 3019 ocutis
602 2965 664 3018 tam
678 2958 769 3023 clara,
790 2956 955 3018 videndam

72 3040 185 3103 Obtulit
198 3048 229 3103 et
242 3056 320 3118 pura
333 3050 522 3118 pernoctem
536 3044 567 3103 in
582 3045 650 3104 luae
663 3043 782 3103 reiulsit
975 3050 1036 3107 59⁰

70 3126 161 3187 Alma
175 3142 296 3202 parens,
311 3128 457 3189 confessa
472 3128 570 3202 deam,
586 3128 747 3202 qualisque
759 3124 859 3185 videri
960 3168 963 3173 -

72 3206 233 3272 coelicolis
250 3221 281 3273 et
293 3218 406 3287 quanta
419 3213 506 3286 solet
522 3210 691 3287 dextraque
705 3211 891 3286 prehensum

71 3289 231 3369 continuit,
247 3296 493 3373 roseoque-haee
507 3298 633 3372 insuper
646 3295 766 3356 addidit
778 3308 847 3356 orez
924 3322 927 3327 ·

69 3374 175 3449 „Nate
192 3378 260 3454 quis
273 3379 436 3443 indomitas
450 3388 551 3443 tantus
567 3381 656 3441 dolor
669 3380 781 3441 excitat
795 3380 880 3439 irus?
940 3428 945 3436 .

35 3488 40 3543 a
67 3458 171 3535 „Quid
184 3462 269 3537 iuris,
285 3471 337 3526 aut
352 3480 485 3541 quonam
499 3464 595 3527 nostri
609 3460 663 3524 tibi
679 3460 916 3525 aura-recessiti
973 3470 1032 3529 595
