2326 3780
19 3495 77 3552 ι

103 182 168 249 324
257 241 264 252 ,
376 178 408 238 Ρ.
430 177 593 239 vrnulttr
612 176 801 239 maronis

104 335 269 413 „Feminea
280 338 371 407 tegat,
386 340 417 391 et
430 332 518 391 vanis
532 346 605 391 sese
618 330 743 390 occulat
756 330 902 393 umbris.
905 338 926 365 ‘⁴

103 384 145 481 'At
157 419 271 501 regina,
286 432 369 476 nova
381 430 504 491 pugnae
518 414 682 475 conterrita
694 422 794 489 sorte,

103 503 209 564 Flebat
223 509 253 562 et
267 501 424 560 ardentem
437 515 583 574 generum
596 498 744 559 moritura
756 499 913 559 tenebat.
1051 510 1079 561 'st

102 588 232 665 „,Turne
247 601 304 662 per
316 584 373 644 has
388 600 446 659 ego
460 592 491 643 te
504 584 655 657 lacrimas,
668 598 727 657 per
740 583 769 643 si
785 585 865 657 quis
879 588 1019 645 Amatae

103 672 231 747 „Tangit
244 670 345 731 honos
359 669 492 728 animum
505 699 518 710 -
533 684 607 743 spes
622 674 749 737 tununc
763 684 844 739 una,
862 678 1018 731 senectae

103 756 168 832 „iu
180 755 304 829 requies
318 754 458 827 miserae,
473 753 569 812 decus
583 752 810 827 imperiumque
824 753 936 813 Latini

104 839 166 914 „Te
180 854 287 915 penes,
301 838 333 897 in
346 845 377 898 te
392 837 490 896 omnis
505 836 616 897 domus
630 836 774 895 inclinata
788 838 957 899 recumbit
968 871 995 911 ·,

103 922 225 998 „Unum
239 938 311 984 oro:
333 922 448 981 desiste
463 936 586 980 manum
599 920 787 980 committere
803 920 956 983 Teucris.
1048 931 1080 985 6⁰

102 1007 181 1082 „Qui
193 1014 225 1066 te
238 1022 370 1080 cumque
381 1014 505 1065 manent
518 1006 578 1065 isto
593 1003 756 1065 certamine
770 1018 882 1080 casus,

102 1091 161 1166 „Et
174 1107 232 1165 mc,
246 1090 354 1163 Turne,
369 1096 507 1147 manent=
528 1090 619 1149 simul
632 1089 710 1148 haec
724 1088 830 1147 invisa
845 1091 1030 1167 relinquam

102 1175 260 1250 „Lumina
274 1188 333 1232 nec
346 1188 491 1247 generum
504 1176 632 1233 Aenean
648 1173 771 1247 captiva
783 1173 946 1235 videbo.⁴⁴

101 1259 231 1333 Accepit
244 1272 354 1317 vocem
367 1257 500 1317 lacrimis
514 1258 642 1317 Lavinia
654 1257 758 1317 matris

101 1342 279 1415 Flagrantes
293 1342 420 1416 perlusa
432 1357 538 1416 genas,
553 1343 603 1402 cui
617 1342 763 1418 plurimus
778 1341 888 1415 ignem
1048 1356 1079 1411 65

102 1426 238 1485 Subiecit
248 1425 350 1498 rubor,
366 1433 396 1485 et
410 1426 558 1486 calefacta
571 1442 697 1502 perora
712 1427 860 1486 cucurrit.

100 1509 209 1569 Indum
224 1511 393 1585 sanguineo
407 1512 500 1570 veluti
517 1512 679 1570 violaverit
693 1518 776 1571 ostro

101 1594 134 1653 Si
150 1595 219 1669 quis
234 1594 317 1669 ebur,
334 1602 385 1653 aul
398 1596 493 1653 mixta
505 1594 615 1654 rubent
626 1594 679 1655 ubi
693 1595 757 1654 lilia
770 1596 870 1654 multa

100 1679 180 1738 Alba
193 1694 280 1738 rosa=
302 1679 380 1738 tales
394 1680 482 1753 virgo
498 1678 590 1738 dabat
605 1695 658 1757 ore
672 1680 804 1738 colores.

101 1764 187 1822 lllum
201 1763 303 1823 turbat
315 1778 410 1837 amor,
425 1764 552 1838 figitque
566 1765 597 1821 in
611 1764 728 1838 virgine
741 1764 858 1823 vultus.
1048 1778 1081 1833 το

99 1847 196 1906 Ardet
210 1848 240 1905 in
255 1863 340 1906 arma
353 1847 460 1922 magia,
478 1848 647 1922 paucisque
661 1845 771 1906 affatur
784 1849 956 1909 Amatam:

99 1931 172 2005 „Nc‚
190 1947 316 2006 quaeso,
333 1947 372 1991 ne
386 1947 436 1991 mc
448 1932 582 1991 lacrimis
597 1946 675 1990 neve
690 1932 791 1990 omine
805 1938 896 1993 tanto

99 2014 312 2091 „Prosequorc
327 2016 358 2075 in
374 2016 441 2075 duri
456 2016 622 2074 certamina
634 2015 740 2075 Martis
755 2022 893 2091 euntem,

98 2097 143 2174 „0
159 2108 268 2159 mater:
290 2115 392 2174 neque
406 2101 487 2158 enim
500 2100 600 2159 Turno
615 2116 701 2158 mora
714 2098 812 2158 libera
824 2104 954 2163 mortis.

97 2183 246 2257 „Nuntius
261 2183 338 2243 haec
352 2184 459 2243 Idmon
473 2183 608 2260 Phrygio
622 2200 692 2243 mea
706 2184 789 2243 dicta
801 2190 945 2261 tyranno
1046 2200 1078 2255 75

97 2266 206 2341 „Haud
222 2267 371 2341 placitura
383 2269 478 2327 reler=
501 2267 600 2342 Quum
614 2269 744 2344 primurn
759 2270 901 2329 crastina
915 2276 1014 2335 coelo

96 2349 256 2425 „Puniceis
271 2352 392 2411 invecta
405 2353 482 2411 rotis
494 2354 617 2412 Aurora
630 2352 764 2422 rubebit;

97 2432 184 2507 „Non
198 2433 331 2495 Teucros
347 2444 418 2510 agat
430 2436 462 2495 in
476 2436 620 2497 Rutulos=
640 2435 791 2496 'leucrdm
803 2452 894 2499 arma
906 2442 1076 2517 quiescant

95 2516 154 2593 „Et
167 2516 282 2588 Rutuli;
305 2529 411 2579 nostro
427 2520 604 2581 dirimamus
619 2521 768 2595 sanguine
781 2518 911 2583 ballum.

95 2600 171 2673 „Illo
187 2609 350 2675 quaeratur
364 2604 477 2664 coniux
489 2604 618 2664 Lavinia
631 2620 751 2680 campo
753 2608 772 2638 ‘⁴
1040 2620 1075 2674 co

94 2684 179 2743 Haec
193 2684 245 2743 ubi
261 2685 342 2744 dicta
356 2687 441 2747 dedit
454 2688 688 2763 rapidusquem
703 2695 783 2748 tecta
795 2692 951 2763 recessit,

93 2767 197 2827 Poscit
210 2784 320 2844 equos,
336 2772 511 2865 gaudetque
524 2779 614 2833 tuens
629 2780 700 2833 ante
714 2788 770 2832 ora
783 2772 968 2853 frementes,

93 2850 230 2912 Pilumno
247 2868 327 2927 quos
342 2853 411 2929 ipsa
426 2857 522 2916 decus
538 2856 623 2917 dedit
636 2856 790 2933 Orithyia:

94 2935 150 3009 Qui
165 2937 300 2997 candore
313 2939 401 2998 nives
416 2940 572 3016 anteirent,
587 2940 729 3001 cursibus
743 2955 847 3001 auras.

92 3020 242 3081 Circumst
230 3028 294 3081 tant
308 3024 432 3098 properi
446 3024 579 3099 aurigae,
596 3025 801 3099 manibusque
815 3024 984 3089 lacessunt
1034 3042 1068 3095 85

91 3102 219 3166 Pectora
233 3106 343 3181 plausa
357 3109 451 3183 cavis,
467 3115 498 3168 et
512 3110 592 3168 colla
602 3109 754 3169 comantia
766 3114 908 3185 pectunt.

89 3185 162 3261 lpse
177 3189 288 3248 dehinc
302 3207 377 3250 auro
393 3191 583 3267 squalentem
597 3193 730 3267 alboque
746 3192 950 3285 orichalco

90 3268 263 3333 circumdat
277 3274 402 3335 loricam
416 3277 566 3347 hurneris;
589 3278 680 3337 simul
694 3283 778 3353 aptat
792 3248 950 3341 habendo

87 3350 266 3432 Ensemque
279 3358 474 3435 clipeumque
489 3366 518 3420 et
532 3360 643 3421 rubrae
657 3376 773 3422 cornua
786 3360 913 3437 cristae,

84 3434 211 3521 Elidem,
227 3456 321 3520 quem
333 3442 464 3505 llauno
456 3445 635 3521 ignipotens
647 3444 747 3504 deus
738 3460 809 3517 ipse
824 3449 947 3519 parenti
1026 3460 1060 3517 9⁰
