2326 3780
421 127 643 222 suoacrcon
664 128 736 188 ura.
751 128 774 187 1.
1034 128 1077 192 ao

121 288 345 363 Saepcmonet,
358 282 558 360 fraudemque
566 289 597 343 et
608 288 716 359 operta
724 288 895 343 tumescere
905 281 1002 355 bella;
1025 290 1076 347 too

121 374 177 432 Ille
192 371 283 431 etiam
297 369 447 429 exstincto
462 368 624 427 miseratus
640 366 772 426 Caesare
785 367 923 441 Romam,

123 456 221 530 Quum
235 460 328 530 caput
341 452 474 514 obscura
487 451 615 512 nitidum
628 451 781 526 ferrugine
794 450 878 526 texit,

121 539 282 616 Impiaque
295 545 450 599 aeternam
463 536 626 596 timuerunt
640 537 767 596 saecula
781 541 911 596 noctem.

92 665 93 669 =
122 625 272 699 Tempore
287 636 471 697 quamquam
484 621 536 702 illo
551 621 641 680 tellus
658 635 781 696 quoque
794 626 824 679 et
834 634 971 696 aequora
980 620 1076 696 ponti,

125 707 346 782 obscenaeque
361 720 453 788 canes
468 705 721 781 importunaeque
734 705 877 764 volucres
1026 712 1078 768 470

126 792 220 867 Signa
234 791 354 851 dabant.
390 789 514 863 Quoties
530 788 699 866 Cyclopum
713 786 862 851 effervere
877 787 908 848 in
923 804 1014 864 agros

123 877 264 937 Vidimus
278 858 443 936 undantem
456 873 556 949 ruptis
572 872 748 933 fornacibus
763 875 902 949 Aetnam,
1057 944 1062 953 Ι

121 962 387 1035 Flammarumque
401 959 512 1034 globos
527 958 753 1033 liquefactaque
767 958 894 1017 volvere
908 973 994 1017 saxa.

121 1048 285 1107 Armorum
300 1045 434 1106 sonitum
447 1051 511 1103 toto
527 1043 687 1103 Germania
701 1043 788 1103 coelo
858 1080 861 1085 ·
1065 1096 1071 1107 ,

120 1131 237 1205 Audiit,
253 1130 385 1190 insolitis
398 1135 585 1189 tremuerunt
599 1127 731 1188 molibus
747 1126 860 1202 Alpes3
1027 1133 1078 1188 tto

121 1216 195 1276 Vox
210 1229 335 1290 quoque
349 1227 406 1289 per
420 1213 506 1272 tucos
522 1213 613 1286 vulgo
630 1212 775 1272 exaudita
789 1211 914 1271 silentes

121 1299 246 1372 Ingena,
263 1304 292 1356 et
308 1297 472 1357 simulacra
485 1296 585 1355 modis
601 1297 745 1371 pallentia
758 1295 842 1355 miris

123 1382 203 1439 Visa
218 1379 274 1439 sub
291 1379 456 1439 obscurum
470 1379 578 1450 noctis,
594 1379 793 1453 pecudesque
807 1379 943 1449 locutae3

124 1462 302 1522 Infandum!
327 1461 439 1520 sistunt
450 1476 565 1534 amnes,
580 1468 742 1538 terraeque
757 1462 927 1537 dehiscunt,

125 1547 164 1606 Et
175 1551 326 1604 maestum
336 1544 495 1603 illacrimat
504 1544 626 1619 templis
639 1543 721 1618 ebur,
734 1561 867 1622 aeraque
877 1547 1004 1619 sudant3
1030 1555 1082 1611 too

125 1628 243 1689 Proluit
257 1628 366 1688 insano
382 1634 589 1703 contorquens
604 1628 717 1687 vertice
732 1629 827 1689 silvas

126 1713 306 1774 Fluviorum
318 1729 374 1772 rex
388 1712 550 1786 Eridanus,
565 1727 755 1787 camposque
769 1728 826 1787 per
840 1728 946 1773 omnes

127 1799 203 1858 Cum
219 1796 346 1858 stabulis
354 1803 498 1856 *armenta
511 1797 591 1867 tulit;
614 1812 671 1855 nec
685 1803 822 1871 tempore
837 1797 947 1858 eodem

125 1881 274 1942 Tristibus
290 1887 342 1942 aut
355 1880 434 1942 extis
449 1880 546 1940 fibrae
561 1896 711 1956 apparere
724 1880 869 1955 minaces,

125 1970 188 2027 Aut
202 1966 303 2042 puteis
317 1981 442 2025 manare
456 1981 547 2026 cruor
560 1967 702 2039 cessavit,
719 1973 749 2025 et
762 1965 842 2024 altae

124 2051 184 2112 Per
198 2058 319 2111 noctem
332 2065 480 2110 resonare
494 2050 574 2126 lupis
589 2049 774 2110 ululantibus
789 2049 898 2121 urbes;

125 2136 194 2195 Non
209 2135 284 2194 alias
300 2136 387 2194 coelo
404 2134 579 2194 ceciderunt
592 2135 681 2210 plura
696 2149 806 2195 sereno

77 2280 86 2288 ,
124 2219 265 2294 Fulgura,
281 2234 338 2278 nec
353 2219 410 2279 diri
425 2219 515 2278 toties
529 2233 634 2278 arsere
648 2225 795 2279 cometae.

125 2304 207 2379 Ergo
222 2304 300 2363 inter
315 2318 385 2363 sese
400 2298 526 2378 paribus
541 2317 724 2363 concurrere
737 2303 806 2362 telis

126 2388 282 2448 Romanas
299 2387 383 2447 acies
398 2387 505 2448 iterum
518 2387 624 2448 videre
637 2387 778 2464 Philippi,

126 2470 191 2529 Nec
205 2470 264 2532 suit
272 2472 431 2547 indignum
445 2471 576 2546 superis,
590 2471 639 2531 bis
655 2471 804 2546 sanguine
818 2477 923 2533 nostro
937 2492 944 2504 ‘

128 2553 297 2616 Emathiam
311 2564 341 2615 et
354 2556 433 2616 latos
448 2554 554 2615 Haemi
569 2555 771 2632 pinguescere
786 2571 922 2633 campos.

129 2637 253 2699 Scilicet
266 2647 297 2700 et
310 2647 431 2716 tempus
446 2639 556 2713 veniet,
574 2656 668 2716 quum
682 2640 793 2700 finibus
808 2640 868 2701 illis

127 2722 282 2797 Agricola,
298 2724 425 2783 incurvo
440 2731 551 2784 terram
565 2725 687 2786 molitus
704 2732 812 2799 aratro,

127 2806 232 2867 Exesa
246 2808 381 2868 inveniet
394 2807 504 2868 scabra
517 2808 655 2884 robigine
668 2809 739 2889 pila,

127 2893 192 2951 Aut
204 2891 350 2967 gravibus
364 2891 470 2952 rastris
484 2894 590 2968 galeas
603 2892 739 2968 pulsabit
752 2895 869 2971 inanes,

128 2976 326 3052 Grandiaque
341 2974 466 3037 effossis
481 2973 637 3037 mirabitur
651 2994 726 3039 ossa
741 2977 902 3054 sepulcris.

126 3057 166 3119 Di
180 3061 279 3135 patrii,
294 3059 457 3136 Indigetes,
475 3069 504 3122 et
517 3062 647 3123 Romule
659 3063 818 3136 Vestaque
833 3065 936 3136 mater,
1012 3086 1015 3091 ·

127 3143 214 3217 Quae
227 3144 358 3204 Tuscum
371 3145 501 3206 Tiberim
516 3152 546 3206 ct
558 3147 697 3207 Romana
709 3145 829 3206 Palatia
838 3158 955 3218 servas,

127 3227 217 3288 Hunc
232 3230 340 3289 saltem
355 3245 465 3291 averso
480 3230 622 3291 iuvenem
636 3243 816 3291 succurrere
831 3228 933 3288 saeclo
1031 3229 1084 3284 000

127 3311 173 3371 Ne
187 3313 362 3387 prohibete!
387 3312 467 3375 Satis
482 3314 543 3374 iam
557 3316 675 3390 pridem
690 3312 840 3388 sanguine
853 3318 959 3374 nostro
1009 3334 1014 3344 ·

126 3393 376 3458 Laomedonteae
390 3399 501 3462 luimus
516 3400 649 3474 periuria
662 3398 780 3457 Troiae.
