2326 3780
219 198 282 265 172
492 200 525 261 P.
546 199 708 262 VlRGlLll
728 198 904 262 MARONIS

448 306 465 337 δ

260 354 327 414 Hoc
340 354 411 430 pius
424 354 549 415 Aeneas
563 354 661 414 misso
677 355 840 414 certamine
854 354 953 415 tendit

219 438 411 499 Gramineum
424 439 457 499 in
470 453 620 516 campum,
636 453 728 514 quem
742 437 871 499 collibus
886 439 1032 514 undique
1046 443 1152 505 omnis

218 521 386 598 cingebant
399 523 506 598 silvae,
521 521 685 598 mediaque
698 522 729 582 in
744 523 824 583 valle
836 523 947 583 theatri

218 606 418 669 diremerat:
442 624 504 682 quo
519 622 555 668 se
567 606 669 667 multis
685 621 753 666 cum
766 606 899 667 millibus
913 607 1014 670 heros

218 690 375 753 consessu
388 692 523 752 mediana
534 690 604 753 tulit
617 696 835 766 exstructoque
848 691 975 752 resedit.

216 775 282 848 Hic,
300 775 352 852 qui
366 774 444 835 torte
460 774 553 835 velint
564 774 675 851 rapido
689 776 876 835 contendere
891 791 995 851 cursu,

215 858 326 920 Invitat
339 859 446 937 pretiis
460 860 589 931 animos,
604 864 636 919 et
647 859 784 934 praemia
797 860 893 935 ponit.

216 944 360 1019 Undique
374 942 559 1003 conveniunt
571 942 680 1004 Teucri
693 943 842 1019 mixtique
855 942 974 1004 Sicani:

216 1027 307 1087 Nisus
322 1034 351 1087 et
363 1026 515 1103 Eiuyalus
529 1025 628 1101 primi,
974 1058 977 1063 ·

215 1111 368 1188 Einyalus
382 1110 481 1169 forma
494 1110 623 1184 insignis
637 1110 790 1185 viridique
804 1111 936 1184 iuventa,

215 1194 307 1255 Nisus
322 1208 426 1254 amore
439 1192 492 1268 pio
506 1194 603 1269 pueri.
639 1194 722 1268 Quos
738 1194 850 1254 deinde
864 1201 989 1259 secutus

216 1278 332 1353 Regius
348 1277 472 1352 egregia
485 1276 595 1337 Priami
610 1278 650 1338 de
665 1279 760 1354 stirpe
773 1278 900 1349 Diores;

214 1361 303 1421 Hunc
317 1361 419 1421 Salius
435 1362 525 1422 simul
540 1368 571 1421 et
582 1361 702 1434 Patron,
719 1378 848 1438 quorum
863 1364 938 1423 alter
950 1364 1116 1439 Acarnan,

214 1446 302 1506 Alter
316 1445 354 1505 ab
368 1446 502 1506 Arcadio
517 1446 674 1521 Tegeaeae
690 1446 840 1522 sanguine
853 1447 969 1521 gentis;
1045 1496 1050 1511 .

215 1528 291 1590 Tum
305 1530 367 1590 duo
382 1530 527 1590 lhinncrii
541 1531 679 1601 iuvenes,
694 1531 844 1607 Helymus
858 1531 1082 1610 Panopesque,
1155 1551 1159 1588 t

214 1615 341 1683 Assueti
356 1614 452 1688 silvis,
469 1615 595 1675 comites
612 1615 742 1681 senioris
757 1616 906 1686 Acestae3

214 1696 301 1758 Multi
315 1706 483 1774 praeterea,
501 1715 580 1774 quos
595 1700 677 1758 tama
691 1698 824 1759 obscura
836 1699 989 1761 recondit.

215 1782 339 1844 Aeneas
355 1783 465 1859 quibus
480 1782 511 1842 in
526 1783 636 1843 mediis
652 1783 697 1843 sic
712 1783 825 1843 deinde
838 1783 974 1844 locutus:

215 1868 374 1944 „Accipite
387 1867 465 1927 haec
480 1867 599 1940 animis,
615 1868 774 1941 laetasque
789 1867 936 1928 advertite
950 1876 1091 1931 mentes.

214 1951 329 2028 „Nemo
345 1968 384 2011 ex
399 1952 458 2012 hoc
472 1967 598 2011 numero
612 1951 686 2010 mihi
701 1968 763 2012 non
778 1952 911 2012 donatus
924 1950 1034 2013 abibit.

215 2035 351 2112 „Gnosia
365 2034 438 2096 bina
452 2034 532 2094 dabo
547 2035 649 2095 levato
664 2036 767 2095 lucida
781 2036 863 2095 ferro

215 2118 361 2196 „Spicula
375 2119 584 2193 caelatamque
598 2127 724 2194 argento
739 2116 820 2178 ler're
833 2118 1015 2195 bipennem:

214 2202 381 2280 „Omnibus
395 2202 445 2263 hic
460 2203 517 2262 erit
530 2220 609 2264 unus
624 2203 736 2264 honos.
771 2201 845 2263 Tres
859 2203 998 2278 praemia
1012 2206 1110 2280 primi

215 2288 404 2364 ,Accipient
419 2285 565 2363 flavaque
580 2295 671 2364 caput
685 2294 844 2348 nectentur
857 2287 953 2347 olivae

214 2371 350 2448 „Primus
366 2388 478 2448 equum
492 2371 628 2447 phaleris
643 2372 793 2447 insignem
809 2371 906 2432 victor
917 2369 1054 2445 habeto;
1131 2385 1160 2439 31

215 2455 319 2530 „Alter
332 2455 532 2515 Amazoniam
547 2456 721 2531 pharetram
735 2455 919 2531 plenamque
933 2457 1061 2531 sagittis

215 2538 390 2615 „Threiciis
405 2541 467 2599 lato
484 2556 575 2614 quam
590 2539 845 2615 circumplectitur
859 2555 934 2599 auro
965 2602 968 2607 ,

214 2622 368 2699 „Balteus
384 2629 414 2682 et
427 2624 514 2682 tereti
528 2624 680 2685 subnectit
693 2623 788 2684 fibula
801 2638 936 2698 gemma;

215 2705 352 2782 „Tertius
366 2704 513 2780 Argolica
526 2706 584 2766 hac
599 2709 688 2782 galea
702 2715 862 2768 contentus
878 2705 992 2767 abito.“

213 2790 298 2851 Haeo
312 2789 365 2852 ubi
380 2789 469 2863 dicta„
485 2790 587 2850 locum
602 2792 734 2867 capiunt,
751 2793 903 2867 signoque
916 2800 1050 2865 repente
1132 2806 1159 2860 31

216 2874 388 2950 corripiunt
402 2874 502 2950 spatia
516 2875 631 2947 audito,
647 2876 799 2951 limenque
813 2876 998 2952 relinquunt,

213 2958 312 3019 Effusi
326 2959 429 3020 nimbo
445 2959 576 3031 similes3
601 2960 691 3020 simul
704 2960 811 3020 ultima
825 2960 954 3035 signant

213 3043 332 3104 Primus
347 3043 410 3104 abit
423 3044 579 3120 longeque
593 3052 662 3105 ante
677 3044 780 3104 omnia
793 3059 925 3120 corpora
937 3041 1034 3105 Nisus

213 3126 340 3204 Emicat,
355 3136 385 3188 et
398 3129 499 3189 ventis
514 3135 544 3189 ot
558 3129 691 3190 fulminis
706 3128 792 3189 ocior
805 3128 878 3198 alis3

213 3211 375 3273 Proximus
388 3213 468 3286 huie,
483 3214 576 3289 longo
592 3213 649 3274 sed
663 3214 822 3289 proximus
837 3210 1009 3287 intervallo,

214 3294 390 3372 Insequitur
403 3296 520 3368 Salius3
543 3298 644 3372 spatio
658 3303 731 3373 post
745 3296 857 3358 deinde
869 3295 977 3356 relicto

214 3379 333 3441 Tertius
346 3380 516 3458 Euryalum

217 3462 446 3543 Eurydumque
459 3464 607 3542 Helymus
622 3465 777 3541 aequitum
801 3479 862 3541 quo
876 3463 990 3526 deinde
1005 3468 1068 3530 sub
1084 3472 1156 3550 ipso
