2326 3780
369 209 677 267 INTRODUCTIO.
936 210 1016 267 XXV

63 365 205 438 proiectus
225 367 275 419 est.
296 363 298 369 '
316 362 465 435 Virgilium
477 364 506 432 ei,
514 363 643 418 comitem
656 381 719 419 esse
730 364 855 421 voluisse
865 368 963 419 auctor
975 369 1018 419 est

64 448 182 506 Servius
193 446 232 503 ad
240 447 334 521 Eclop.
341 448 385 503 111.
392 443 442 507 74.
459 446 586 519 Denique
596 448 735 503 Antonius
746 449 775 503 in
785 464 881 520 pugna
891 448 1016 518 Actiaca,

64 549 150 606 quam
159 537 243 604 poeta
252 531 399 589 Aomvlll.
407 528 477 591 676.
485 547 545 603 sqq.
559 531 690 588 describit
701 538 783 603 atque
795 533 877 588 etiam
887 532 931 586 lll.
944 528 1015 592 280.

64 634 128 688 sqq.
150 612 209 691 [ubi
219 615 301 670 ludos
312 615 443 671 Actiacos
454 631 528 670 anno
546 615 617 676 726.
640 616 760 687 primum
771 615 880 673 habitos
891 614 1016 671 aTroia·

63 703 107 757 nis
119 702 174 755 iam
185 701 340 756 celebratos
353 716 417 755 esse
429 700 562 754 meminit.
581 699 640 756 vid.
649 699 773 755 DioLlll.
784 699 824 769 1.]
836 705 908 757 tecte
919 699 1016 768 innuit,

63 803 90 841 a.
103 785 131 841 d.
143 784 190 839 IV.
202 783 273 839 Non.
291 781 448 856 Septembr.
464 784 555 839 victus
573 789 623 839 est.
655 782 731 839 Auni
752 785 897 855 sequentis
918 799 1017 839 mense

62 868 160 926 Sextili
172 867 342 925 Octavianus
356 868 533 940 Aegyptum,
555 868 602 923 ubi
618 868 757 923 Antonius
774 874 803 925 et
818 864 967 939 Cleopatra
984 882 1017 921 sc

61 954 274 1021 interfecerunt,
300 952 473 1024 expugnavit
490 957 518 1007 et
532 952 624 1007 statim
633 956 697 1023 post
708 953 735 1007 in
748 950 862 1025 Syriam
874 957 901 1008 et
912 951 949 1008 ad
959 950 1016 1005 Eu-

61 1037 190 1108 phratem
200 1037 342 1108 proiectus
356 1042 407 1091 est.
437 1053 468 1093 v.
480 1035 532 1091 Dio
542 1036 586 1091 tt.
598 1034 626 1096 8.
648 1035 742 1092 Parthi
754 1042 782 1091 ct
793 1034 840 1091 alii
849 1036 959 1091 illarum
971 1050 1016 1089 re-

63 1121 178 1191 gionum
202 1127 316 1192 gentes,
339 1121 387 1192 qui
402 1119 525 1175 Antonio
544 1120 646 1176 auxilia
661 1121 795 1188 tulerant,
815 1119 1016 1192 pacempetie·

63 1208 141 1274 runt,
163 1208 190 1258 et
199 1203 337 1259 Tiridates
349 1209 432 1275 atque
442 1203 577 1260 Phraates
588 1206 704 1275 iratres,
728 1205 775 1275 qui
791 1203 827 1259 de
846 1219 935 1275 regno
948 1202 1017 1257 Par-

63 1285 137 1341 thico
150 1285 220 1341 inter
230 1305 262 1342 se
273 1287 468 1357 decertabant,
486 1287 630 1345 Octaviani
643 1289 775 1344 auxilium
787 1288 1016 1359 imploraverunt.

63 1369 141 1425 llaec
151 1375 236 1439 poeta
247 1372 358 1440 augens
368 1371 465 1443 Georp.
477 1373 511 1425 ll.
524 1369 594 1430 171.
607 1378 633 1426 et
643 1372 690 1426 IV.
703 1370 774 1431 660.
792 1372 916 1443 respexit
934 1377 1017 1441 atque

64 1452 249 1509 Octavianum
269 1455 418 1524 populis
440 1455 648 1510 volentibus
672 1455 750 1509 iura
768 1455 867 1523 dare,
890 1454 933 1510 ad
949 1454 1018 1508 Eu-

61 1536 231 1609 phratem
251 1537 447 1592 fulminare
469 1542 552 1608 atque
575 1537 744 1592 extremis
764 1538 875 1593 Asiae
891 1538 926 1592 in
943 1538 1017 1592 oris

60 1621 171 1676 Indos
187 1617 361 1675 Romanis
385 1621 533 1677 arcibus
555 1626 728 1677 avertere
746 1620 824 1675 dixit.
840 1620 1020 1676 viduatad

34 1734 37 1740 ·
61 1704 97 1761 Il.
110 1703 181 1765 171.
194 1708 221 1759 et
232 1702 357 1759 Masson.
368 1707 397 1760 in
410 1703 478 1761 Iani
487 1705 585 1775 templo
600 1708 725 1759 reserato
737 1720 766 1775 p.
782 1703 865 1762 121:
892 1704 1019 1757 Fratrum

24 1838 27 1843 .
62 1793 156 1845 autem
169 1786 361 1845 dissensiones
373 1788 406 1843 ll.
419 1783 490 1849 496.
502 1788 606 1857 innuit,
632 1787 678 1842 ubi
696 1788 779 1843 etiam
789 1787 929 1843 Dacomm
940 1802 1019 1843 men-

61 1875 166 1929 tionem
177 1872 282 1942 iniecit,
306 1873 352 1944 qui
369 1875 404 1929 ab
423 1889 495 1928 anno
508 1869 580 1933 723.
597 1872 759 1944 provincias
769 1868 912 1927 Romanas
923 1876 1019 1927 vasta·

60 1958 136 2012 bant.
148 1954 206 2013 vid.
218 1956 254 2011 ibi
266 1962 322 2011 not.
361 1957 417 2012 Alii
435 1963 529 2013 tamen
547 1957 601 2012 hos
616 1972 718 2014 versus
729 1957 854 2012 referunt
865 1955 903 2012 ad
914 1970 1018 2012 annum

61 2038 149 2108 731,
173 2054 227 2110 quo
239 2039 369 2095 Tiridatis
384 2047 411 2096 et
421 2041 548 2096 Phraatis
558 2058 604 2096 res
615 2039 723 2096 Rornae
737 2056 833 2095 coram
844 2045 944 2096 senatu
956 2044 1019 2095 acta

62 2130 119 2192 est,
129 2132 133 2138 '
142 2129 169 2177 et
180 2121 266 2192 734„
291 2139 346 2195 quo
359 2123 527 2181 Octavianus
545 2124 573 2178 in
586 2124 684 2180 Asiam
703 2129 730 2180 et
741 2122 855 2196 Syriam
873 2124 923 2182 ivit
934 2129 1017 2195 atque

61 2224 78 2263 a
89 2206 198 2262 Parthis
210 2207 291 2278 signa
302 2224 319 2262 a
332 2206 433 2264 Crasso
452 2214 480 2264 et
489 2208 611 2264 Antonio
624 2209 726 2263 amissa
737 2208 845 2279 recepit
865 2203 945 2282 [Aen.
956 2207 1016 2261 Vll.

62 2289 132 2351 605.
147 2297 173 2345 et
182 2290 234 2346 Dio
245 2290 313 2346 LIV.
325 2289 366 2366 8.]
379 2297 406 2348 et
418 2294 452 2347 ab
463 2291 659 2364 lndislegatos
672 2293 788 2363 accepit.
806 2290 874 2348 Aen.
885 2291 933 2347 vt
944 2287 1016 2352 796.
1097 2356 1101 2369 ,

62 2375 152 2431 etDio
163 2374 232 2429 LIV.
243 2374 273 2433 9.
296 2372 355 2431 Sed
365 2377 438 2432 iusta
450 2392 536 2431 causa
547 2391 604 2431 non
622 2375 716 2444 adest,
739 2381 822 2447 atque
841 2376 865 2430 si
882 2376 930 2431 illa
945 2381 1017 2431 tem·
1053 2406 1058 2413 ·

60 2474 132 2530 pora
149 2463 234 2528 poeta
251 2460 436 2529 respexisset,
459 2460 551 2515 Dacos
566 2460 663 2532 Gecrp.
673 2459 706 2514 Π.
718 2452 790 2520 497.
802 2474 860 2513 non
873 2458 938 2531 apte
953 2475 1017 2517 cum

61 2541 184 2597 Tiridate
200 2547 226 2596 et
237 2541 356 2623 Phraate
369 2545 565 2599 coniunxisset
587 2543 672 2599 Anno
683 2541 754 2603 726.
778 2543 948 2600 Octavianus
957 2542 1017 2599 Ro·

60 2641 136 2681 mam
148 2641 280 2682 reversus
291 2627 378 2682 tribus
391 2628 488 2684 diebus
501 2645 526 2684 a.
539 2627 566 2683 d.
578 2627 728 2699 vu1.,vt1.
741 2632 768 2683 et
776 2627 823 2683 vt
835 2627 875 2682 ld.
888 2625 966 2684 Sext.
978 2626 1016 2683 de

58 2710 236 2778 Macedonia,
248 2709 384 2767 Dalmatia
395 2717 423 2768 et
432 2712 564 2785 Aegypto
575 2711 763 2784 triumphavit
782 2729 810 2769 v.
818 2712 869 2767 Dio
875 2711 917 2767 Ll.
926 2708 976 2771 21.
988 2716 1017 2766 et

59 2794 128 2850 Aca.
139 2795 210 2849 Vlll.
223 2788 294 2856 714.
308 2812 369 2868 sqq.
392 2795 495 2854 Omnes
507 2802 600 2853 autern
610 2797 676 2853 belli
686 2797 818 2853 tumultus
829 2797 875 2851 illo
887 2801 1016 2866 temporo

61 2877 151 2933 sedati
162 2885 255 2948 erant,
278 2880 315 2934 ita
326 2886 356 2936 ut
367 2896 403 2936 ex
413 2879 534 2936 Senatus
545 2881 659 2937 decreto
670 2880 729 2936 lani
739 2882 873 2952 templum
888 2880 922 2933 ab
940 2893 1014 2933 anno

60 2959 132 3023 725.
150 2963 189 3018 'ad
207 2979 233 3018 a.
251 2963 322 3023 727.
343 2965 528 3020 clauderetur.
570 2965 629 3021 vid.
647 2964 772 3021 Messon.
784 2967 802 3021 t
813 2980 837 3020 c.
850 2979 878 3034 p.
891 2960 940 3021 61.
952 2978 1014 3036 sqq.

61 3044 139 3101 Conf-
149 3046 217 3102 Aen·
229 3047 250 3101 I·
263 3043 333 3108 294.
346 3065 407 3121 sqq.
432 3049 464 3104 In
475 3047 618 3106 Octaviani
629 3049 765 3118 reditum,
779 3048 832 3106 sed
844 3052 907 3103 ante
918 3049 1014 3104 trium·

58 3129 133 3201 phos
152 3128 278 3200 habitos,
299 3132 433 3206 Virgilius
446 3133 541 3207 Georp.
553 3127 775 3197 utta-48.
811 3132 960 3205 scripsisse
970 3133 1014 3191 vi-

51 3213 154 3283 'detur,
176 3228 231 3285 quo
253 3216 315 3273 loco
337 3219 409 3274 illius
433 3219 505 3273 lacta
525 3224 642 3274 exornat
657 3224 685 3273 et
705 3221 797 3288 auget.
814 3216 1013 3273 Britannos

59 3298 134 3353 enim
154 3303 271 3370 propter
291 3302 515 3372 expeditionem,
544 3319 627 3374 quam
649 3318 675 3357 a.
697 3298 767 3361 719.
801 3301 847 3356 ille
869 3302 1014 3372 inceperat

59 3377 129 3456 [vid.
141 3382 267 3439 Messon.
277 3383 295 3439 l.
306 3401 330 3441 c.
341 3402 369 3459 p.
381 3385 460 3456 83.],
483 3386 579 3457 affert,
602 3392 684 3458 atque
696 3384 985 3459 Gangariduml‘t.
993 3399 1024 3439 o.

58 3464 178 3523 Orientis
199 3469 563 3544 populorumeugnam,
589 3469 729 3546 Nilum,
764 3472 885 3531 haiae
903 3469 1046 3535 urbes,
