2326 3780
384 166 574 233 AENEloos
594 168 667 227 LlB.
681 170 704 228 I.

65 320 265 397 „Iustitiaque
280 321 365 381 dedit
378 327 484 396 gentes
499 321 619 379 frenare
634 320 795 397 superbas,

66 406 179 480 „Troes
194 411 224 464 te
238 405 352 477 miseri,
368 406 467 465 ventis
481 404 577 463 maria
592 406 693 464 omnia
706 406 795 478 vecti,

66 487 228 564 „Oramus=
250 488 380 565 prohibe
394 489 536 549 infandos
552 504 570 547 a
585 489 714 549 navibus
729 489 825 564 ignes,
966 497 1018 550 555

66 573 178 647 „Parce
192 573 244 648 pio
259 573 363 648 generi
378 579 407 631 et
421 572 549 647 propius
563 588 613 632 res
629 573 757 648 adspice
771 578 903 633 nostras.

65 657 151 731 „Non
166 672 224 716 nos
239 663 291 716 aut
304 657 385 715 ferro
398 656 533 732 Libycos
548 658 698 731 populare
711 656 840 716 Penates

66 740 242 815 „Venimus
257 746 308 801 aut
320 746 424 815 raptas
440 741 481 799 ad
494 741 584 800 litora
597 746 717 799 vertere
731 740 880 815 praedas:

65 825 151 899 „Nori
167 825 266 884 cavis
281 824 391 896 animo,
408 840 465 883 nec
478 831 562 883 tanta
576 824 721 899 superbia
733 824 834 884 victis.

65 908 139 983 „Est
150 911 247 981 locus,
261 907 442 983 Hesperiam
456 908 537 967 Graii
552 908 734 982 cognomine
749 908 861 981 dieunt,
967 916 1019 970 530

64 993 175 1067 „Terra
189 993 321 1067 antiqua,
337 999 448 1068 potens
464 993 555 1052 annis
571 1000 662 1066 atque
676 992 770 1052 ubere
783 992 905 1067 glebae·

64 1075 207 1151 „Oenotri
222 1079 344 1136 coluere
359 1077 431 1147 viri;
454 1092 535 1137 nunc
549 1078 637 1150 tama,
652 1077 786 1136 minores

63 1161 199 1235 „Italiam
214 1161 331 1220 dixisse
347 1160 434 1220 ducis
450 1161 489 1220 de
503 1161 625 1220 nomine
639 1167 788 1235 gentem-2

64 1245 140 1317 „flio
156 1260 264 1304 cursus
279 1243 343 1316 fuit,

64 1327 182 1400 „Quum
197 1327 297 1387 subito
313 1342 480 1401 assurgens
495 1325 590 1387 fluctu
603 1326 761 1386 nimbosus
778 1325 869 1387 Orion
966 1333 1018 1389 535

65 1412 118 1483 „ln
132 1411 214 1468 vada
228 1425 321 1468 caeca
335 1411 409 1480 tulit,
426 1409 607 1483 penitusque
622 1410 806 1484 procacibus
819 1412 940 1472 Austris

65 1494 203 1568 „Perque
215 1493 326 1563 undas,
343 1499 507 1567 superante
522 1494 597 1564 salo,
614 1508 732 1567 perque
747 1494 829 1552 invia
843 1511 920 1554 saxa

64 1577 230 1651 „Disputih
253 1575 312 1634 huc
327 1576 417 1650 pauci
431 1576 542 1635 vestris
557 1576 736 1636 annavimus
752 1578 823 1636 oris.
891 1584 1017 1650 [morem

64 1660 173 1734 „Quod
194 1675 291 1734 genus
312 1660 372 1719 hoc
386 1660 563 1719 hominum?
584 1675 703 1734 quaeve
717 1660 798 1719 hunc
811 1667 872 1719 tam
886 1661 1017 1724 barbara

63 1743 227 1818 „Permittit
240 1744 358 1818 patriai
378 1743 518 1818 Hospitio
534 1742 730 1818 prohibemur
743 1759 870 1815 arenae;
966 1754 1020 1810 540

64 1829 169 1901 „Belia
183 1828 270 1900 cient,
286 1828 446 1904 primaque
460 1834 564 1887 vetant
578 1827 746 1894 consistere
760 1833 853 1887 terra!

63 1913 116 1988 „Si
132 1928 229 1988 genus
243 1912 408 1971 humanum
423 1918 454 1971 et
466 1912 605 1971 mortalia
619 1911 750 1971 temnitis
765 1928 864 1983 arma;

62 2000 123 2072 „At
137 2003 259 2072 sperate
275 1997 351 2056 deos
367 2011 518 2055 memores
534 1995 617 2056 tandi
633 2002 723 2071 atque
739 1996 870 2055 notandi.

61 2083 149 2157 „Rex
164 2087 228 2140 erat
241 2080 365 2139 Aeneas
380 2079 479 2151 nobis,
497 2095 557 2154 quo
572 2080 680 2140 iustior
693 2082 777 2154 atter,

61 2167 143 2241 „h'ec
156 2165 268 2241 pietate
283 2165 339 2224 fuit
351 2180 409 2224 nec
423 2163 503 2223 betto
518 2164 617 2224 maior
630 2170 660 2224 et
674 2164 781 2224 annis:
964 2170 1018 2224 645
1107 2199 1110 2203 -

61 2250 176 2325 „Quem
191 2249 218 2308 si
228 2250 295 2321 tata
309 2249 407 2308 virum
422 2254 554 2320 servant,
570 2248 597 2307 si
611 2248 745 2309 vescitur
759 2264 834 2308 aura

61 2332 226 2407 „Aetheria
240 2349 339 2406 neque
354 2332 455 2392 adhuc
470 2332 644 2392 crudelibus
660 2332 789 2393 occubat
802 2332 932 2394 umbris:

63 2417 149 2489 „Non
162 2421 270 2488 metus,
287 2416 390 2476 officio
405 2432 463 2476 nec
476 2423 507 2476 te
523 2422 658 2478 certasse
672 2417 805 2492 priorem

63 2498 246 2574 „Poeniteat
282 2497 357 2558 Sunt
371 2507 402 2559 et
416 2499 526 2561 Siculis
540 2501 716 2576 regionibus
731 2500 824 2561 urbes

62 2584 237 2658 „Arvaque
252 2581 444 2658 Troianoque
458 2600 477 2643 a
491 2586 638 2660 sangnine
652 2589 752 2646 clarus
767 2587 907 2648 Acestes.
962 2597 1017 2649 550

61 2667 263 2742 ,‚erassatam
276 2666 376 2725 ventis
390 2667 480 2726 liceat
493 2668 665 2730 subducere
680 2671 819 2744 classem,

62 2752 119 2826 „Et
133 2749 218 2810 silvis
235 2755 340 2824 aptare
353 2750 456 2812 trabes
471 2759 500 2812 et
514 2754 663 2828 stringere
676 2770 793 2814 remos:

62 2834 113 2909 „Si
131 2835 219 2894 datur
231 2834 348 2894 Italiam
363 2835 456 2896 sociis
472 2842 502 2895 et
514 2853 587 2912 rege
601 2844 725 2913 recepto

61 2919 227 2995 „Tendere
242 2924 275 2978 ut
289 2919 404 2981 ltaliam
419 2921 490 2980 laeti
502 2921 682 2998 Latiumque
697 2927 850 2997 petamus;

61 3003 135 3079 „Sin
150 3002 290 3063 absumta
304 3004 397 3078 satus,
413 3012 442 3064 et
455 3010 494 3078 te,
509 3012 597 3079 pater
611 3007 724 3080 optime
738 3005 894 3079 Teucrum,
961 3013 1015 3067 555

61 3087 193 3161 „Pontus
208 3085 301 3146 habet
312 3086 438 3164 Libyae,
454 3104 510 3147 nec
526 3105 600 3164 spes
615 3089 675 3148 iam
689 3095 784 3148 restat
796 3089 861 3161 Iuli,

61 3172 121 3246 „At
135 3171 211 3230 treta
226 3168 366 3231 Sicaniae
381 3173 488 3232 saitem
504 3174 659 3248 sedesque
675 3180 808 3248 paratas,

60 3255 168 3325 „Unde
182 3254 242 3314 hue
256 3255 385 3328 advecti,
400 3272 565 3332 regemque
579 3264 718 3332 petamus
732 3259 896 3317 Acesten.“

59 3339 182 3400 Talibus
197 3338 345 3411 ltioneus;
368 3341 467 3401 cuncti
482 3341 570 3401 simul
587 3357 640 3423 ore
654 3340 822 3401 tremebant

59 3422 263 3484 Dardanidae.
962 3432 1017 3486 560

766 3506 809 3574 τ*
