2326 3780
103 198 165 289 102
375 199 407 259 Ρ.
428 200 589 261 vraenn
610 198 783 260 annonis

101 355 142 413 At
157 354 266 413 domus
281 352 405 413 interior
418 353 512 427 regali
527 352 690 427 splendida
703 351 776 410 luxu

100 437 268 509 Instruilur,
283 438 455 511 mediisque
468 444 577 512 parant
590 436 733 496 convivia
746 435 847 495 tectisa

100 522 175 581 Arte
188 520 343 581 laboratae
358 528 460 581 vestes
478 528 623 595 ostroque
638 519 782 594 superbo,

15 680 17 685 Ι
100 606 211 681 Ingens
226 612 383 680 argentum
396 605 520 676 mensis,
537 605 715 678 caelataque
730 604 844 667 inaura
1009 619 1060 673 clo

100 689 201 749 Fortia
215 690 295 749 lacta
307 697 434 765 patrum,
451 688 546 748 series
563 687 741 762 longissima
754 703 855 750 rerum

98 772 157 833 Per
169 780 215 834 tot
228 775 320 833 ducta
334 774 416 833 viros
432 773 575 847 antiquae
590 772 628 831 ab
644 772 761 845 origine
779 775 888 846 gentis.

99 859 338 932 Aeneas-neque
353 857 433 915 enim
447 856 562 931 patrius
578 856 747 916 consistere
761 866 892 918 mentem

99 941 213 1001 Passus
228 940 467 1015 amor-rapidum
481 941 522 999 ad
536 956 632 1000 naves
647 940 808 1015 praemittit
821 942 972 1020 Achaten,

99 1025 234 1084 Ascanio
250 1025 326 1083 ierat
339 1025 425 1097 haec,
440 1023 603 1099 ipsumque
617 1026 657 1084 ad
672 1025 793 1083 moenia
807 1027 912 1087 ducat:
1006 1039 1060 1093 645

100 1107 204 1167 Omnis
219 1108 249 1167 in
262 1108 397 1168 Ascanio
414 1108 475 1167 cari
491 1114 550 1167 stat
564 1123 637 1169 cura
651 1108 796 1182 parentis.

99 1191 226 1250 Munera
241 1199 398 1267 praetcrea
411 1191 511 1251 Iliacis
527 1198 633 1266 erepta
646 1192 742 1252 ruinis

99 1274 190 1334 Ferre
204 1275 295 1347 iubet,
311 1276 423 1351 pallam
438 1276 533 1351 signis
550 1292 688 1351 auroque
701 1278 857 1351 rigentem,

98 1358 137 1417 Et
151 1358 379 1419 circumtextum
394 1376 504 1421 crocco
519 1362 658 1420 velamen
673 1361 813 1434 acantho,

101 1440 230 1503 Ornatus
245 1444 378 1518 Argivae
391 1445 534 1516 Helenae,
552 1461 630 1519 quos
646 1445 696 1504 illa
710 1445 859 1521 Mycenis,
1006 1455 1062 1510 650

98 1525 245 1601 Pergama
260 1544 353 1604 quum
367 1535 484 1603 peteret
497 1530 761 1603 inconcessosque
775 1529 984 1605 Hymenaeon,

98 1609 262 1684 Extulerat,
278 1613 380 1672 matris
394 1613 497 1673 Ledae
511 1613 648 1673 mirabile
663 1613 793 1683 donum,

96 1693 257 1756 Praeterea
272 1703 433 1772 sceptrum,
448 1699 544 1758 Ilione
560 1698 643 1772 quod
658 1704 797 1773 gesserat
812 1697 892 1769 olim,

98 1779 231 1840 Maxima
244 1787 380 1841 natarum
394 1781 511 1855 Priami,
527 1783 670 1857 colloque
683 1782 796 1841 monile

97 1862 269 1936 Baccatum,
286 1872 315 1924 et
329 1865 481 1940 duplicem
495 1866 621 1941 gemmis
637 1881 773 1939 auroque
788 1880 944 1928 coronam.
1004 1875 1059 1929 655

97 1946 181 2008 Haec
196 1950 333 2008 celerans
349 1950 405 2008 iter
420 1950 459 2008 ad
474 1965 569 2009 naves
585 1950 728 2010 tendebat
741 1949 885 2009 Achates.

139 2035 180 2092 At
194 2033 344 2108 Cytherea
359 2048 456 2091 novas
472 2040 562 2107 artes,
577 2050 659 2093 nova
672 2041 796 2115 pectore
811 2040 915 2092 versat

99 2115 239 2187 Consilia,
254 2123 287 2174 ut
301 2114 410 2174 faciem
423 2123 555 2177 mutatus
571 2125 601 2177 et
615 2134 670 2179 cra
684 2117 802 2192 Cupido

96 2198 154 2259 Pro
170 2199 250 2259 dulci
265 2198 399 2259 Ascanio
413 2201 524 2272 veniat,
541 2201 692 2277 donisque
707 2202 854 2260 furentem

96 2282 243 2342 lncendat
255 2283 391 2357 reginam
406 2289 497 2359 atque
512 2284 635 2344 ossibus
650 2285 783 2359 implicet
799 2285 913 2359 ignem:
1003 2295 1059 2351 666

98 2365 216 2441 Quippe
231 2366 353 2426 domurn
367 2367 451 2427 timet
464 2367 635 2442 ambiguam
649 2368 820 2443 Tyriosque
834 2367 999 2443 bilingues.

96 2448 162 2509 Urit
176 2458 263 2510 atrox
278 2451 363 2524 luno,
379 2458 408 2511 et
423 2451 480 2512 sub
495 2458 616 2512 noctem
631 2466 705 2512 cura
718 2458 864 2513 recursat.

96 2522 176 2609 Ergo
192 2533 240 2594 his
255 2535 403 2610 aligerum
417 2536 507 2596 dictis
523 2534 632 2595 affatur
645 2535 805 2596 Amorem:

97 2616 199 2690 „Nate
215 2633 301 2677 meac
315 2618 407 2692 vires,
423 2636 491 2679 mea
506 2635 615 2693 magna
629 2620 773 2694 potentia,
789 2620 883 2692 solus,

97 2700 200 2775 „Nate
215 2702 311 2776 patris
326 2703 435 2762 summi
450 2704 502 2777 qui
516 2704 577 2763 tela
590 2703 731 2779 Typhoia
744 2704 863 2777 temnis,
1001 2716 1056 2772 666

96 2786 165 2859 „Ad
179 2791 209 2844 te
225 2786 369 2860 confugio
385 2794 415 2845 et
429 2789 561 2861 supplex
577 2793 628 2847 tua
642 2789 765 2849 numina
779 2801 887 2863 posco.

96 2869 219 2944 „Frater
231 2877 264 2928 ut
277 2871 400 2930 Aeneas
415 2872 525 2945 pelago
540 2879 610 2932 tuus
627 2872 728 2932 omnia
741 2872 854 2932 circum

96 2954 216 3029 „Litora
230 2954 358 3014 iactetur
372 2954 452 3014 odiis
467 2954 592 3016 Iunonis
607 2957 738 3032 iniquae,
756 3006 759 3011 .

95 3040 192 3113 „Nota
205 3038 267 3110 tibi,
284 3045 313 3098 et
327 3045 432 3099 nostro
447 3038 570 3099 doluisti
586 3056 681 3115 saepe
695 3040 812 3101 dolore.

95 3124 202 3197 „Hunc
215 3122 385 3183 Phoenissa
399 3130 481 3183 tenet
494 3124 573 3184 Dido
588 3123 772 3198 blandisque
785 3127 920 3183 moratur
997 3135 1057 3191 670

95 3207 260 3279 „Vocibus
277 3212 306 3265 el
318 3222 438 3279 vereor,
454 3222 515 3281 quo
531 3223 566 3268 se
580 3207 707 3267 Iunonia
720 3212 839 3266 vertant

95 3291 269 3366 „Hospitiaz
291 3291 375 3351 haud
388 3296 471 3351 tanto
487 3290 621 3351 cessabit
634 3290 759 3350 cardine
773 3306 883 3349 rerum.

95 3373 264 3448 „Quocirca
278 3390 389 3451 capere
404 3383 474 3436 ante
490 3375 569 3435 dolis
583 3380 613 3434 et
626 3375 749 3449 cingere
763 3372 887 3434 flamma

95 3459 262 3536 „Reginam
275 3460 414 3531 meditor,
429 3475 468 3519 ne
485 3474 545 3532 quo
560 3473 595 3518 se
610 3458 733 3518 numina
747 3464 848 3532 mutet,
