2326 3780
127 201 171 267 54
396 200 429 260 P.
450 201 611 263 VIRGILII
631 146 807 263 olnaoffls

126 357 205 418 IIInc
218 355 289 415 anni
304 353 398 429 labor,
414 354 485 414 hinc
498 355 627 431 patriam
641 370 817 431 parvosque
832 362 962 430 nepotes

127 441 271 513 Sustinet,
287 440 357 498 hinc
373 446 509 499 armenta
521 440 614 499 boum
627 441 813 513 meritosque
828 440 987 500 iuvencos.
1031 451 1083 504 old

125 526 189 586 Nec
204 524 336 601 requies,
354 524 427 597 quin
441 531 493 583 aut
505 525 606 598 pomis
622 524 768 584 exuberet
782 540 889 596 annus,

125 614 188 671 Aut
202 610 265 668 latu
279 623 434 684 pecorum,
449 614 501 667 aut
516 607 648 668 Cerealis
663 609 789 683 mergite
805 608 903 681 culmi,

124 693 340 768 Proventuque
354 698 459 750 oneret
472 692 576 752 sulcos
592 701 684 767 atque
698 692 809 751 horrea
821 693 933 753 vincat

125 778 218 839 Venit
231 778 345 837 hiems:
370 775 475 835 teritur
489 774 637 852 Sicyonia
648 775 746 837 bacca
758 776 894 852 trapetis,

127 863 246 924 Glande
261 875 333 920 sues
348 858 418 917 laeti
434 859 570 934 redeunt,
587 861 659 920 dant
673 859 780 921 arbuta
794 862 900 937 silvae,

124 947 163 1008 Et
177 946 280 1004 varios
296 942 383 1019 ponit
396 943 475 1003 letus
490 951 679 1018 auctumnuS,
695 952 725 1004 et
737 946 797 1004 alte

125 1030 207 1090 Mitis
221 1029 252 1087 in
267 1027 379 1102 apricis
394 1027 534 1101 coquitur
547 1028 702 1087 vindemia
716 1030 810 1089 saxis.

125 1115 245 1174 Interea
259 1112 365 1171 dulces
380 1111 516 1186 pendent
529 1112 642 1171 circum
657 1114 763 1189 oscula
777 1113 847 1185 nati,

126 1198 219 1259 Casta
232 1194 410 1272 pudicitiam
424 1203 527 1254 servat
542 1196 661 1268 domus,
678 1197 773 1257 ubera
787 1213 901 1257 vaccae

124 1282 238 1344 Lactea
252 1279 418 1352 demittunt,
438 1279 630 1357 pinguesque
645 1282 676 1341 in
690 1282 826 1357 grmnine
841 1282 920 1342 laeto

124 1366 206 1426 Inter
220 1381 255 1426 se
267 1362 407 1423 adversis
423 1362 574 1424 luctantur
588 1366 734 1426 cornibus
748 1365 856 1438 haedi,

124 1452 198 1528 lpse
213 1450 280 1510 dies
296 1449 389 1524 agitat
402 1448 509 1522 festos,
524 1451 675 1527 lususque
689 1466 745 1526 per
759 1449 893 1522 herbam,

124 1534 207 1611 lgnIs
221 1534 273 1595 ubi
288 1533 319 1592 in
333 1533 434 1594 medio
451 1540 481 1594 et
494 1535 571 1594 socii
587 1544 704 1595 cratera
719 1541 874 1608 coronant,

124 1619 175 1693 Te,
191 1618 299 1691 libans,
315 1617 445 1690 Lenaee,
460 1627 561 1693 vocat,
582 1619 767 1695 pecorisque
781 1617 933 1693 magistris

124 1703 250 1763 Velocis
265 1702 356 1762 iaculi
370 1703 535 1763 certamina
549 1704 636 1779 ponit
649 1704 679 1762 in
693 1704 785 1775 ulma

127 1788 324 1865 corporaque
339 1789 452 1862 agresti
467 1789 584 1849 nudant
597 1789 750 1864 praedura
763 1787 945 1862 palaestrae.

167 1873 253 1933 Hanc
269 1873 341 1934 oliui
356 1879 475 1932 veteres
490 1873 584 1932 vitam
598 1873 722 1932 coluere
738 1870 851 1944 Sabini,

124 1954 210 2017 Hanc
223 1958 338 2017 Remus
353 1963 384 2015 et
397 1956 505 2026 frater;
528 1957 573 2015 sic
588 1956 674 2016 lortIs
688 1955 807 2015 Etruria
820 1954 915 2014 crevit

126 2040 248 2101 Scilicet
262 2046 292 2098 et
305 2054 407 2098 rerum
422 2039 503 2098 lacta
516 2046 564 2099 est
577 2040 781 2115 pulcherrima
794 2041 901 2114 Roma,

126 2124 311 2199 septemque
326 2138 387 2180 una
401 2121 460 2180 sibi
474 2139 560 2182 muro
576 2124 774 2184 circumdedit
789 2139 886 2182 arces.

124 2211 204 2268 Ante
220 2206 310 2265 etiarn
324 2211 479 2280 sceptrum
492 2207 609 2268 Dictaei
623 2209 715 2283 regis,
732 2216 762 2268 et
777 2214 846 2267 ante

124 2291 221 2367 Impia
236 2305 326 2364 quam
341 2290 441 2350 caesis
456 2306 532 2366 gens
548 2300 596 2352 est
609 2294 732 2368 epulata
745 2291 892 2363 iuvantia,

124 2378 245 2435 Aureus
261 2373 340 2433 hanc
355 2373 449 2434 vitam
464 2376 494 2435 in
510 2378 600 2436 terris
616 2377 764 2438 Saturnus
780 2375 889 2451 agebat
896 2396 910 2445 ς·

123 2458 260 2519 Necdum
274 2458 364 2517 etiam
379 2459 538 2521 audierant
552 2460 651 2521 inllari
666 2462 806 2534 classica,
820 2460 952 2520 necdum

123 2543 289 2619 Impositos
305 2543 390 2604 duris
405 2545 555 2620 crepitare
569 2544 731 2604 incudibus
747 2560 849 2605 enses.

167 2627 231 2687 Sed
245 2643 303 2687 nos
318 2629 621 2703 immensunspatiis
638 2629 824 2689 confecimus
840 2644 965 2703 aequor,

122 2710 161 2773 Et
175 2711 235 2771 Iam
249 2719 369 2788 tempus
385 2713 498 2788 equum
512 2713 657 2771 fumantia
672 2715 794 2773 solvere
808 2714 896 2773 colla.

368 2974 397 3037 r.
434 2970 619 3037 vinoun
651 2972 835 3043 nunonis

229 3094 260 3191 G
320 3094 352 3188 t
413 3092 443 3189 θ
502 3092 540 3186 lt
598 3093 630 3188 d
688 3096 705 3188 l
764 3096 796 3189 C
856 3091 886 3188 θ
946 3092 980 3189 Ν

416 3230 554 3305 LIBER
576 3243 782 3307 TERTIUS.

121 3380 165 3445 Te
180 3398 313 3461 quoque,
326 3399 439 3459 magna
449 3382 548 3458 Pales,
564 3392 595 3444 et
608 3390 639 3441 te
652 3378 849 3440 memorande
864 3392 1014 3443 canemus

121 3464 231 3529 Pastor
243 3466 283 3529 ab
296 3469 485 3547 Amphryso,
500 3484 568 3542 vos,
584 3467 681 3528 silvae
697 3477 864 3539 amnesque
877 3461 1007 3541 Lycaei.
