2326 3780
430 109 626 184 AENEIDOS
646 111 720 173 Llu.
739 112 778 170 V.
1021 105 1084 173 167

128 269 208 329 Esse
222 273 323 344 putet,
345 265 446 326 caedit
458 265 548 326 binas
564 265 604 324 de
617 279 703 325 more
716 263 857 325 bidentes

128 355 246 428 Totque
261 367 333 411 sues
346 349 534 425 totidemque
548 350 704 424 nigrantes
717 355 804 423 terga
816 348 974 408 iuvencos.

129 437 271 510 Vinaque
286 433 432 495 tundebat
446 433 570 511 pateris,
586 433 780 508 animamque
793 430 927 492 vocabat

128 519 285 580 Anchisae
298 514 400 595 magni
412 518 584 594 Manesque
597 516 773 578 Acheronte
787 515 946 577 remissos.

128 604 191 663 Noc
205 610 312 663 nouet
325 603 411 678 socii,
428 618 507 678 quae
521 602 632 676 cuique
646 609 695 663 est
708 600 809 679 copia,
822 600 895 661 laeti
1032 609 1084 663 loo

128 687 217 746 Dona
230 688 346 748 terunt=
368 693 495 747 onerant
509 700 580 746 aras
594 680 788 762 mactantque
801 686 968 755 iuvencos3

127 771 243 831 Ordine
258 774 337 831 atina
350 773 453 831 locant
466 771 526 846 alii,
541 770 664 846 lusique
677 787 734 848 per
747 769 874 831 herbam

129 854 298 916 subiiciunt
308 855 433 916 ¹veribus
447 871 563 931 prunas
579 862 609 915 et
621 855 743 933 viscera
756 860 880 914 torrent.

169 939 355 1015 Exspectata
369 940 436 1000 dies
450 941 556 1000 aderat
569 955 744 1014 nonamque
758 954 869 999 serena

127 1025 280 1086 Auroram
293 1023 490 1085 Phaethontis
505 1024 576 1100 equi
590 1024 650 1083 iam
663 1025 733 1084 luce
747 1022 909 1095 vehebant,
1033 1028 1084 1110 195

126 1109 282 1185 Famaque
295 1107 440 1169 finitimos
455 1115 485 1169 et
498 1108 572 1168 clari
584 1123 696 1169 nomen
709 1109 844 1169 Acestae

126 1193 283 1254 Excierat:
306 1193 385 1254 laeto
401 1192 591 1269 complerant
603 1193 693 1253 litora
707 1201 806 1266 coetu,

126 1277 232 1337 Visuri
245 1277 421 1350 Aeneadas,
436 1293 510 1352 pars
525 1283 556 1336 et
570 1283 686 1336 certare
701 1277 809 1353 parati.

126 1360 254 1420 Munera
267 1360 417 1436 principio
433 1367 502 1419 ante
517 1360 625 1419 oculos
640 1360 786 1436 circoque
800 1360 938 1421 locantur
1016 1368 1018 1373 ’

126 1445 161 1502 ln
176 1444 287 1517 medio,
304 1444 383 1502 sacri
398 1443 537 1518 tripodes
552 1442 730 1518 viridesque
744 1458 878 1503 coronae
1032 1451 1084 1506 llo

126 1527 164 1585 Et
179 1527 308 1601 palmae,
324 1527 453 1601 pretimn
469 1526 644 1601 victoribus,
659 1542 806 1602 armaque
820 1534 850 1587 et
864 1533 949 1589 ostro

126 1609 272 1670 Pariusue
286 1616 399 1685 vestes,
415 1610 532 1685 argenti
545 1610 673 1684 aurique
685 1610 846 1681 talentum3

127 1694 165 1754 Et
178 1692 252 1754 tuba
267 1694 451 1755 commissos
464 1694 566 1755 medio
581 1694 662 1753 canit
676 1708 788 1769 aggere
802 1694 904 1755 ludos.

125 1777 226 1839 Prima
240 1793 332 1855 pares
347 1778 451 1838 ineunt
464 1777 611 1853 gravibus
626 1777 792 1838 certamina
805 1779 897 1839 renuis

126 1863 262 1937 Quatuor
276 1879 314 1923 ex
330 1862 412 1923 omui
424 1862 561 1922 delectae
576 1862 678 1923 classe
693 1862 824 1922 carinae.
1032 1868 1089 1951 lit.

125 1948 273 2008 Velocem
288 1946 465 2007 Muesdreus
480 1947 543 2022 agit
556 1947 620 2007 aeri
632 1947 747 2022 remige
760 1945 889 2021 Pristim,

125 2029 200 2092 Mox
214 2031 307 2091 Italus
320 2030 510 2104 Mnestheus,
525 2047 623 2107 genus
637 2047 658 2090 a
672 2046 733 2106 quo
750 2031 872 2092 nomine
885 2027 1026 2101 Memmi;

125 2117 343 2191 ingentemque
358 2116 443 2192 Gyas
458 2115 573 2191 ingenti
586 2115 668 2176 mole
683 2115 880 2190 (thimaeum,
1045 2112 1050 2121 '

125 2200 216 2260 Urbis
232 2216 321 2276 opus,
335 2199 446 2275 triplici
461 2199 560 2277 pubes
575 2215 667 2274 quam
679 2198 825 2260 Dardana
837 2216 931 2261 versu

125 2283 294 2358 Impellunt,
309 2292 395 2344 terno
412 2291 601 2360 consurgunt
615 2282 722 2351 ordine
736 2285 828 2354 remi;
969 2310 972 2315 ·
1031 2290 1083 2345 tto

126 2366 362 2442 Sergestusque,
378 2368 489 2429 domus
504 2375 587 2429 tenet
600 2383 619 2427 a
634 2382 695 2442 quo
711 2366 819 2444 Sergio
833 2383 953 2442 nomen,

124 2449 276 2511 Centauro
290 2451 441 2513 invehitur
454 2468 580 2528 magna,
602 2450 769 2529 Scyllaque
784 2453 948 2532 Cloanthus

127 2532 284 2606 Caerulea,
300 2549 397 2608 genus
411 2537 494 2597 unde
507 2536 570 2608 tibi,
586 2537 725 2598 Romane
741 2536 866 2598 Cluenti.

165 2617 222 2678 Est
235 2619 342 2695 procul
357 2618 388 2678 in
402 2620 513 2696 pelago
528 2637 638 2682 saxum
652 2621 826 2696 spumantia
841 2628 947 2681 contra

121 2702 235 2775 Litora
251 2701 337 2778 quod
350 2704 474 2765 tumidis
489 2705 682 2766 submersum
696 2705 831 2766 tunditur
845 2705 917 2766 olim
1031 2712 1081 2766 126

121 2785 287 2859 Fluctibus,
302 2786 422 2849 hiberni
436 2789 572 2850 condunt
585 2789 638 2851 ubi
653 2789 757 2851 sidera
772 2790 856 2863 Cori3

119 2869 296 2945 Tranquillo
311 2871 389 2945 silet,
404 2873 590 2950 immotaque
605 2874 750 2935 attollitur
763 2874 847 2935 unda

121 2953 255 3029 Campus
268 2964 301 3017 ot
314 2956 428 3033 apricis
443 2958 534 3018 statio
549 2959 723 3033 gratissima
737 2958 867 3034 mergis}

122 3035 179 3096 llic
192 3039 322 3100 viridem
335 3043 459 3103 Aeneas
474 3042 628 3103 frondenti
641 3058 682 3104 ex
696 3043 766 3104 ilice
780 3049 893 3102 metam

121 3120 283 3184 Constituit
297 3125 417 3200 signum
431 3126 532 3187 nautis
547 3133 642 3204 pater,
658 3126 741 3188 unde
755 3126 868 3186 reverti
1029 3131 1080 3187 lto

123 3203 243 3268 Scirent
255 3214 285 3270 ot
297 3209 408 3286 longos
423 3211 475 3273 ubi
490 3209 729 3272 circumflectere
744 3225 863 3270 cursus.

117 3289 195 3351 Tum
208 3291 277 3354 loce
292 3301 375 3357 sorte
388 3296 501 3372 legunt,
516 3295 638 3372 ipsique
652 3295 683 3355 in
697 3291 853 3370 puppibus
868 3308 941 3353 auro

123 3374 271 3440 Ductores
285 3379 376 3457 louge
391 3378 538 3458 effulgent
552 3389 700 3458 ostroque
715 3377 837 3449 decori-3
