2326 3780
403 204 599 267 AENEIDOS
618 206 691 265 LlB.
705 206 786 265 vltt.
1012 200 1075 265 245

105 362 199 425 Aera
213 361 300 429 laou;
322 358 415 434 gemit
425 357 577 435 impositis
592 358 755 421 incudibus
769 363 897 417 antrum.

105 446 162 507 Illi
176 447 254 504 inter
269 458 341 503 sese
353 443 449 503 multa
461 443 494 502 vi
507 442 634 503 brachio
645 443 756 505 tollunt

105 530 150 591 ln
165 542 335 602 numerum,
348 534 539 602 versantque
551 528 652 588 tenaci
666 526 785 602 lorcipe
798 539 942 601 massam.

157 615 243 673 Haec
257 619 345 689 pater
357 612 476 672 Aeoliis
490 618 636 688 properat
649 611 723 671 dum
735 609 878 670 Lemnius
894 609 965 683 oris,

105 695 624 759 Evandmmexhumilitectolux
639 694 860 756 suscitatalmo
1022 702 1076 757 lta

105 780 152 843 Et
166 780 301 841 matutini
314 780 473 841 volucrum
487 779 546 841 sub
562 780 692 843 culmine
706 785 823 839 cantus.

112 864 279 941 consurgit
293 865 407 939 senior,
420 864 586 940 tunicaque
599 864 752 925 inducitur
766 869 859 936 artus,

108 948 153 1011 Et
166 950 324 1028 Tyrrhena
338 949 451 1024 pedum
465 947 634 1009 circumdat
646 948 770 1008 vincula
782 945 912 1023 plantis3

110 1034 190 1095 Tum
205 1033 290 1094 lateri
305 1039 397 1109 atque
409 1033 543 1093 humeris
556 1031 728 1107 Tegeaeum
743 1030 877 1106 subligat
890 1046 1004 1103 ensem,
1071 1086 1074 1091 .

111 1118 258 1179 Demissa
271 1117 309 1177 ab
324 1119 414 1177 laeva
427 1117 594 1193 pantherae
607 1123 695 1191 terga
706 1122 900 1191 retorquens.
1021 1120 1075 1177 llio

110 1202 176 1263 Neo
192 1218 254 1262 non
270 1209 301 1262 et
313 1201 426 1277 gemini
441 1201 588 1261 custodes
602 1201 706 1261 limine
720 1200 759 1260 ab
770 1200 833 1261 alto

111 1286 305 1347 Praecedunt
318 1288 522 1361 gressumque
536 1298 630 1346 canes
645 1284 827 1345 comitantur
838 1283 974 1345 herilem.

111 1370 253 1445 Hospitis
267 1372 394 1429 Aeneae
409 1370 516 1429 sedem
530 1374 561 1428 et
575 1375 695 1429 secreta
707 1369 840 1444 petebat,

115 1454 298 1517 Sermonum
311 1468 429 1512 memor
443 1459 472 1513 et
487 1452 631 1528 promissi
644 1453 790 1525 muneris,
804 1451 907 1512 heros.

113 1538 177 1599 Nec
191 1537 291 1595 minus
305 1537 428 1595 Aeneas
443 1552 479 1595 se
492 1536 655 1596 matutinus
670 1535 789 1611 agebat
1019 1546 1071 1601 lae

113 1620 208 1681 Filius
223 1619 293 1678 huic
307 1619 416 1693 Pallas,
431 1620 474 1679 illi
490 1633 595 1679 comes
609 1619 672 1679 ibat
683 1619 830 1679 Achates.

116 1704 280 1778 Congressi
296 1704 422 1777 iungunt
435 1704 569 1777 dexuas,
584 1704 757 1778 mediisque
770 1701 910 1762 residunt

114 1787 264 1861 Aedibus,
279 1794 309 1847 et
322 1787 404 1847 licito
418 1789 543 1847 tandem
557 1802 699 1848 sermone
712 1787 860 1867 fruuntur.

113 1872 183 1934 Rex
197 1873 281 1947 prior
293 1871 386 1931 haec:

113 1958 266 2034 „Maxime
280 1958 466 2017 Teucrorum
480 1957 597 2029 ductor,
614 1970 676 2031 quo
691 1955 810 2031 sospite
823 1970 988 2033 numquam
1020 1964 1073 2021 llo

112 2044 197 2119 „Res
213 2042 356 2116 equidem
369 2042 478 2101 Troiae
492 2040 590 2100 victas
604 2047 657 2100 aut
669 2054 766 2115 regna
778 2038 905 2117 fatebor,

113 2127 228 2201 „Nobis
244 2127 284 2185 ad
298 2125 370 2185 belli
385 2126 532 2187 auxilium
546 2140 604 2200 pro
618 2124 742 2185 nomine
755 2130 839 2184 tanto

112 2211 272 2287 „Exiguae
285 2210 383 2269 vires=
404 2210 475 2269 hinc
485 2210 587 2269 Tusco
603 2208 773 2269 claudimur
786 2208 877 2283 amni,

104 2295 213 2372 ,‚‚llinc
226 2294 357 2354 Rutulus
372 2292 481 2370 premit
494 2300 525 2354 et
538 2309 658 2353 murum
672 2292 879 2353 circumsonat
891 2292 994 2353 amris.

114 2376 201 2450 „Sed
214 2376 267 2435 tibi
282 2392 340 2451 ego
355 2378 494 2452 ingentes
509 2376 643 2453 populos
658 2376 867 2452 opulentaque
880 2378 983 2453 regnis
1017 2382 1071 2439 lle

113 2462 265 2536 „iungere
280 2466 381 2519 castra
394 2476 486 2537 paror
509 2476 601 2536 qnam
614 2461 680 2520 lors
693 2460 820 2536 inopina
834 2462 962 2522 salutem

114 2542 283 2620 „Ostentat
310 2541 393 2605 Fatis
407 2545 467 2606 huc
480 2552 511 2609 te
526 2544 725 2621 poscentibus
740 2543 844 2606 affers.

113 2628 226 2706 „Haud
241 2628 349 2704 procul
363 2628 435 2688 hinc
449 2644 526 2689 saxo
540 2628 681 2689 incolitur
694 2628 822 2689 lundata
833 2635 954 2690 vetusto

113 2712 226 2789 „Urbis
241 2711 405 2789 Agyllinae
419 2712 521 2786 sedes,
535 2711 588 2772 ubi
601 2712 702 2789 Lydia
715 2714 871 2788 quondam

113 2798 229 2873 ‚‚Gcns‚
243 2795 325 2855 bello
339 2795 507 2872 praeclara,
521 2796 601 2872 iugis
614 2796 727 2858 insedit
739 2797 888 2858 Etruscis.
1019 2803 1073 2857 48⁰

114 2882 222 2957 „Hanc
236 2880 349 2940 multos
363 2879 523 2940 florentem
537 2895 636 2941 annos
649 2896 706 2941 rex
720 2882 832 2942 deinde
846 2879 981 2955 superbo

114 2965 265 3039 „Imperio
281 2970 311 3024 et
325 2964 428 3025 saevis
441 2965 537 3025 tenuit
550 2965 717 3026 Mezentius
732 2966 835 3026 armis.

115 3047 215 3123 „Quid
228 3064 393 3108 memorem
407 3048 549 3109 infandas
565 3050 700 3109 caedes?
721 3050 795 3124 quid
808 3050 890 3108 lacta
902 3046 1023 3125 tyranni

115 3130 259 3206 „Efferat
278 3130 317 3191 lli
331 3132 424 3207 capiti
438 3132 536 3208 ipsius
550 3133 717 3208 generique
730 3137 905 3193 reserventt

114 3214 256 3290 „Mortua
270 3215 342 3290 quin
357 3217 449 3276 etiam
460 3215 606 3291 iungebat
620 3230 752 3290 corpora
766 3216 854 3283 vivis,
1018 3220 1072 3277 '486

113 3298 330 3375 „componens
344 3300 549 3374 manibusque
563 3314 670 3359 manus
685 3303 777 3371 atque
791 3296 894 3358 oribus
910 3313 990 3358 ora·

113 3382 287 3459 ‚‚Torrnenti
300 3397 433 3458 genoe,
447 3390 478 3444 et
490 3383 576 3443 sanie
589 3380 724 3456 taboque
739 3381 870 3441 fluentes

112 3466 305 3544 „complexu
317 3466 349 3527 in
363 3467 477 3527 misero
490 3467 584 3542 longa
598 3465 645 3527 sic
657 3471 762 3527 morte
772 3464 926 3525 neeman
