2326 3780
269 472 272 477 Ι
372 382 566 444 tunamos
587 382 725 442 amru.
968 381 1029 447 teo

72 540 167 597 Arma
181 536 380 611 Neoptolemi.
415 534 492 596 Sunt
506 544 536 596 et
550 528 607 595 sua
621 536 703 596 dona
718 536 845 612 parenti.

71 621 167 681 Addit
182 620 579 696 equos,·additqueduces;
975 628 1028 685 470

71 704 241 779 RerQiurn
256 705 393 780 supplet;
415 704 520 765 socios
535 705 625 764 simul
639 704 759 764 instruit
773 705 875 765 arnris.

114 789 232 848 Interea
249 789 379 848 classem
394 788 472 848 velis
487 797 593 864 aptare
607 788 730 847 iubebat

71 874 233 949 Anchises,
248 873 335 933 fleret
348 880 440 933 vento
455 888 542 932 mora
555 888 594 932 ne
611 889 672 947 qua
686 874 803 932 ferenti.

71 957 167 1031 Quem
180 957 295 1017 Phoebi
309 958 460 1032 interpres
474 958 569 1017 mtrlto
585 958 748 1033 compellat
761 957 893 1017 honoret
949 978 953 983 ·

70 1040 238 1118 „Coniugio
253 1042 390 1102 Anchisa
403 1042 534 1101 Veneris
551 1041 672 1116 dignate
687 1042 831 1117 superbo,
976 1046 1027 1102 475

68 1126 169 1202 „Cura
184 1127 285 1202 deum,
300 1127 348 1187 bis
362 1125 536 1200 Pergameis
551 1134 657 1201 erepte
670 1126 775 1201 ruinis,

69 1210 171 1287 „Ecce
184 1210 238 1270 tibi
252 1210 410 1271 Ausoniae
424 1212 529 1271 tellus=
552 1210 632 1270 hanc
647 1212 748 1287 arripe
764 1211 852 1270 velis.

69 1295 126 1369 „Et
139 1303 240 1354 tamen
254 1296 333 1354 hanc
348 1295 458 1370 pelago
473 1294 699 1371 praeterlabare
714 1310 844 1355 necesse
859 1298 922 1354 est:

68 1379 246 1454 „Ausoniae
260 1396 333 1453 pars
349 1379 401 1437 illa
415 1379 532 1453 procul,
550 1395 641 1452 quarn
655 1379 763 1454 pandit
776 1381 900 1454 Apollo

68 1463 209 1537 „Vade,“
225 1462 266 1521 ait
280 1479 319 1536 „o
335 1462 408 1520 felix
422 1464 484 1521 nati
498 1463 626 1537 pietate!
651 1463 730 1535 Quid
744 1465 823 1522 ultra
976 1468 1027 1524 48⁰

68 1546 254 1620 ,‚Proveh0r,
270 1553 300 1605 et
314 1546 407 1605 fando
423 1553 584 1621 surgentes
600 1545 742 1605 demoror
756 1544 918 1606 austrost“

68 1630 131 1687 Nec
146 1630 245 1688 minus
260 1628 485 1705 Andromache,
501 1629 644 1704 digressu
657 1637 775 1690 maesta
789 1644 942 1704 supremo,

70 1712 140 1771 Fert
154 1713 320 1788 picturatas
333 1713 399 1771 auri
415 1712 585 1773 subtemine
599 1721 703 1773 vestes

69 1797 107 1855 itt
119 1796 281 1872 Phrygiam
295 1798 430 1857 Ascanio
448 1797 650 1872 chlamydem,
665 1812 722 1855 nec
738 1796 818 1855 cedit
832 1796 950 1870 honori,

68 1881 298 1955 Textilibusque
313 1889 419 1940 onerat
434 1882 532 1956 donis,
549 1897 585 1941 ac
599 1882 671 1941 talia
685 1883 778 1940 latur:
975 1886 1026 1941 485

69 1966 214 2041 „Accipe
231 1973 260 2024 et
274 1966 360 2040 haec,
375 1982 519 2026 manuum
529 1966 582 2025 tibi
596 1980 675 2041 quae
685 1971 880 2025 monumenta
891 1978 1026 2023 mearunt
1098 2010 1101 2015 .

69 2048 164 2126 „Sint
187 2066 271 2125 puer,
287 2058 317 2109 et
333 2051 457 2125 longum
470 2050 707 2110 Andromachae
721 2056 869 2109 testentur
882 2062 1025 2119 amorem,

69 2134 234 2209 „Coniugis
248 2134 427 2210 Hectoreae,
444 2150 520 2209 cape
537 2134 620 2195 dona
633 2142 768 2193 extrema
781 2140 911 2208 tuorum,

69 2216 114 2294 „0
129 2219 201 2277 mihi
217 2219 284 2277 sola
299 2219 357 2277 mei
374 2236 468 2294 super
481 2219 679 2295 Astyanactis
695 2220 805 2292 imago.

69 2302 141 2376 „Sic
157 2304 274 2377 oculoS,
290 2304 336 2363 sic
350 2304 401 2363 ille
415 2319 533 2377 manue,
549 2304 595 2363 sic
610 2318 665 2362 ora
678 2302 803 2376 ferebat,
976 2306 1027 2361 490

68 2387 126 2461 „Et
141 2402 222 2445 nunc
237 2389 357 2461 aequali
371 2395 472 2448 tecum
486 2387 670 2462 pubesceret
684 2391 793 2447 aevo.“

69 2471 134 2528 Hos
150 2487 207 2544 ego
224 2470 398 2545 digrediens
413 2471 546 2532 lacrimis
562 2471 681 2531 affabor
695 2471 825 2532 obortis:

69 2554 191 2629 „Viuite
206 2554 321 2629 felices,
338 2555 449 2635 quibus
465 2563 512 2615 est
526 2556 647 2616 fortuna
662 2564 786 2630 peracta

70 2638 154 2711 „lam
169 2645 239 2696 sua!
263 2638 325 2697 Nos
342 2640 401 2698 alia
415 2656 454 2698 ex
469 2640 536 2699 aliis
552 2640 583 2698 in
598 2640 660 2698 iata
672 2655 834 2710 vocamur3

70 2721 188 2796 „Vobis
204 2729 292 2797 parta
307 2723 410 2797 quies:
433 2725 548 2784 nullum
563 2724 655 2783 maris
671 2740 788 2798 aequor
800 2724 957 2796 arandum,
976 2722 1026 2782 495

69 2807 174 2881 „Arva
188 2821 288 2880 neque
302 2807 461 2867 Ausoniae
476 2823 598 2883 semper
613 2807 752 2867 cedentia
766 2814 847 2867 retro

52 2887 287 2963 ·„Quaerenda;
310 2892 443 2966 elligiem
456 2890 568 2953 Xanthi
581 2893 764 2965 Troiamque
777 2890 898 2965 videtis,

70 2974 186 3047 „Quam
201 2982 323 3035 vestrae
338 2977 439 3035 iecere
453 2992 571 3052 manus,
585 3009 628 3020 —
641 2975 828 3048 melioribus,
845 2984 927 3051 opto,

69 3059 256 3134 „Auspiciis
272 3068 302 3120 et
316 3076 396 3136 quae
411 3061 501 3120 fuerit
514 3062 614 3121 minus
630 3060 722 3120 obvia
737 3059 845 3118 Graiis.

68 3142 122 3218 „Si
139 3143 262 3219 quando
278 3145 422 3221 Thybrim
436 3145 599 3220 vicinaque
613 3143 776 3221 Thybridis
792 3159 867 3203 arva
975 3150 1026 3203 500

68 3227 216 3303 „Intraro,
232 3229 376 3303 gentique
390 3244 478 3289 meae
493 3229 564 3289 data
577 3230 699 3291 moenia
714 3242 851 3297 cernam;

68 3312 243 3388 „Cognatas
257 3313 351 3373 urbes
367 3315 438 3374 olim
453 3317 650 3391 populosque
663 3313 866 3391 propinquos,

68 3396 192 3473 „Epiro
206 3396 366 3473 Hesperia,
383 3397 494 3474 quibus
509 3398 591 3458 idern
603 3398 766 3459 Dardanus
781 3404 887 3456 auctor

67 3482 190 3553 „Atque
203 3482 285 3540 idern
300 3498 400 3558 casus
416 3498 511 3545 unam
525 3480 680 3547 iaciemus
691 3490 865 3557 utramque

54 3562 199 3647 „Troiam
213 3565 342 3629 animisr
361 3576 493 3632 maneat
505 3578 643 3634 nostros
658 3586 704 3631 ea
716 3583 800 3630 eura
808 3557 988 3638 antepones.u
1020 3552 1086 3606 iffi
1142 3600 1153 3695 4

86 3642 295 3711 Provehimur
307 3654 428 3734 pelago
445 3658 565 3721 vicina
578 3656 752 3722 Ceraunia
761 3654 878 3719 tuna,
