2326 3780
79 310 87 322 ,
188 228 253 295 ast
464 229 497 291 r.
517 228 679 291 vtaonu
698 227 894 295 unaorus

188 382 283 442 Visus
298 414 310 423 ·
325 397 395 443 eum
409 384 508 442 lenuis
523 382 632 457 glauco
646 380 770 442 velabat
784 385 914 449 amictu

190 464 350 539 Carbasus,
367 473 396 526 et
411 467 510 527 crines
525 465 671 525 umbrosa
683 466 809 541 legebat
824 472 963 534 arundo
979 504 1012 548 ·,

188 550 264 609 Tum
278 550 323 609 sic
338 548 469 611 allarici
484 566 574 611 curas
587 550 635 609 his
651 548 773 610 demere
790 552 911 615 dictis:
1114 562 1129 615 t

189 632 233 710 „0
249 639 315 693 sate
328 640 418 708 gente
432 634 532 708 d'erim,
546 634 707 693 Troianam
721 650 760 693 ex
773 633 935 700 hostibus
951 640 1063 706 urbem

189 716 264 792 „Qui
278 717 400 778 revehis
415 718 513 790 nobis,
529 724 713 791 aeternaque
726 716 885 794 Pergamo
902 740 1033 801 servas,

189 802 392 877 „Exspectate
407 804 474 863 solo
489 801 630 861 Laurenti
645 802 789 877 arvisque
804 802 948 883 Latinis,

189 886 264 961 „llic
277 886 330 945 tibi
345 894 427 945 certa
441 887 561 957 domus,
577 886 659 959 certi,
675 900 715 945 ne
728 885 857 961 absiste,
875 889 1034 969 Penates

189 970 273 1045 „Neu
286 970 357 1029 belli
372 977 485 1029 terrere
499 969 604 1029 minis:
625 976 724 1031 tumor
737 971 840 1031 omnis
855 981 892 1033 et
909 976 983 1039 irae
1117 982 1132 1033 a·

190 1054 398 1129 „concessare
412 1053 521 1123 detim3

190 1138 333 1212 „lamque
346 1136 408 1209 tibi,
425 1152 464 1195 ne
477 1153 558 1196 vana
572 1144 661 1213 putes
675 1136 756 1197 haec·
765 1137 890 1223 fingere
908 1159 1071 1220 somnum,

190 1220 337 1296 „Litoreis
351 1220 459 1294 ingens
474 1220 597 1283 inventa
611 1221 669 1282 sub
682 1221 801 1282 ilicibus
817 1239 887 1297 sus,

190 1304 340 1379 „Triginta
355 1303 487 1379 capitum
501 1305 579 1366 letus
595 1307 693 1379 enixa,
709 1305 829 1379 iacebit,

190 1387 296 1464 „Alba
312 1390 379 1449 solo
394 1388 553 1464 recubans,
568 1390 629 1449 albi
644 1390 755 1450 circum
770 1388 870 1451 ubera
883 1396 969 1455 nati.
1116 1400 1132 1451 r

190 1472 264 1548 „Hie
278 1473 364 1533 locus
380 1472 463 1533 urbis
478 1474 542 1549 erit,
556 1475 729 1548 requiesco
743 1480 825 1533 certa
839 1475 1013 1540 laborum:

191 1557 255 1631 „Ex
271 1573 330 1631 quo
347 1556 493 1617 terdenis
509 1557 613 1617 urbem
628 1557 824 1618 redeuntibus
841 1562 952 1623 annis·
1015 1612 1021 1621 .

189 1643 361 1716 „Ascanius
377 1642 450 1701 clari
465 1643 577 1703 condet
591 1641 780 1717 cognominis
795 1642 923 1703 Albam.

190 1725 297 1800 „Haud
313 1728 427 1787 incerta
441 1742 527 1786 cano.
563 1727 648 1786 Nune
663 1741 724 1801 qua
736 1726 865 1798 ratione,
882 1732 982 1802 quod
998 1732 1094 1805 instat,

191 1810 365 1885 „Expedias
379 1811 485 1885 victor,
501 1811 608 1887 paucis
623 1842 636 1853 -
650 1811 776 1869 adverte
790 1842 803 1851 -
817 1810 963 1874 docebo.
1115 1818 1133 1873 rt

191 1894 347 1969 „Arcades
363 1894 411 1955 his
427 1895 498 1966 oris,
514 1910 611 1969 genus
627 1892 793 1953 aPallante
807 1896 1005 1976 protectum,

190 1977 267 2053 „Qui
281 1994 385 2053 regem
396 1978 572 2039 Evandrum
587 1979 721 2051 comites,
737 1978 790 2052 qui
804 1977 899 2052 signa
914 1986 1035 2061 secuti,
1143 2027 1147 2038 ·

189 2061 357 2137 „Delegere
371 2062 472 2124 locum
487 2068 516 2121 et
530 2077 663 2137 posuere
677 2064 706 2121 in
721 2062 877 2123 montibus
894 2065 1026 2143 urbem,

191 2144 351 2223 „Pallantis
366 2147 474 2221 proavi
490 2146 528 2205 de
542 2146 664 2206 nomine
677 2145 882 2206 Pallanteum

190 2230 247 2305 „Hi
262 2230 375 2290 bellum
389 2230 514 2291 assidue
530 2230 644 2290 ducunt
657 2245 725 2289 cum
739 2236 829 2303 gente
842 2229 980 2295 Latina:
1115 2240 1132 2293 tt

190 2313 274 2388 „Hos
290 2315 397 2373 castris
412 2313 523 2373 adhibe
538 2314 651 2385 socios,
667 2320 697 2372 et
711 2313 838 2373 loedere
851 2314 964 2392 iunge.

190 2396 280 2473 „Ipse
294 2413 352 2472 ego
367 2405 398 2457 te
411 2397 486 2473 ripis
502 2404 531 2457 et
545 2405 628 2458 recto
644 2396 768 2457 flumine
783 2397 908 2473 ducam,

189 2480 383 2555 „Adversum
396 2482 488 2541 remis
500 2497 629 2558 superes
644 2480 808 2542 subvectus
823 2487 857 2539 ut
870 2497 1019 2549 amnem.

190 2562 308 2639 „Surge
322 2580 388 2638 age,
403 2572 473 2625 note
488 2565 555 2637 dea,
571 2566 739 2640 prunisque
753 2564 942 2629 cadentibus
959 2575 1061 2635 astris
1150 2629 1154 2648 ,

189 2647 316 2723 „lunoni
332 2647 377 2706 ler
390 2649 447 2709 rite
460 2664 578 2723 preces,
594 2649 730 2723 irnrnque
745 2648 910 2723 mirasque
1118 2653 1157 2760 tt}

189 2728 406 2808 „Supplicibus
421 2746 535 2806 supera
546 2733 637 2792 votis.
672 2732 746 2793 Mihi
759 2732 859 2792 victor
872 2732 1041 2803 honorem
1151 2767 1158 2856 ι

189 2813 380 2892 „Persolves
413 2814 478 2889 Ego
493 2831 570 2888 sum,
587 2817 678 2891 pleno
694 2832 787 2892 quem
799 2815 933 2881 llumine
950 2827 1063 2889 cernis
1154 2871 1157 2902 2

188 2896 412 2977 „stringentem
426 2900 510 2973 ripas
525 2906 556 2959 et
570 2900 692 2975 pinguia
706 2900 787 2960 culta
801 2908 980 2985 secantem,

189 2984 372 3059 „Caemleus
386 2982 526 3061 Thybris,
542 2985 629 3045 coelo
643 2984 834 3059 grabssimus
849 2989 970 3051 amnis.

190 3068 265 3142 „Hie
279 3068 351 3129 mibi
365 3083 475 3143 magna
489 3068 609 3142 domus,
625 3068 716 3129 celsis
731 3076 824 3143 caput
836 3068 988 3153 urbibus,
1004 3080 1099 3143 exit“
1122 3084 1144 3139 ii

188 3152 280 3225 Dixit,
296 3152 407 3212 deinde
420 3153 489 3213 lacu
502 3152 627 3215 Flavius
642 3167 677 3213 se
691 3152 829 3213 condidit
842 3152 919 3231 alto,

189 3236 253 3294 lma
265 3243 390 3310 petens,
413 3253 476 3296 nox
488 3237 615 3297 Aenean
629 3251 818 3309 somnusque
832 3238 978 3316 reliquit.

189 3318 291 3392 Surgit
305 3327 343 3393 et,
359 3319 484 3381 aetherii
499 3328 644 3395 spectans
659 3318 786 3379 orientia
799 3320 878 3382 solis

188 3402 323 3477 Lumina,
338 3404 395 3462 rite
408 3404 493 3465 cavis
507 3404 621 3464 undam
635 3404 674 3465 de
688 3402 813 3463 flumine
826 3406 946 3479 palmis

187 3485 336 3567 Sustinet,
351 3484 965 3551 aclalesaliundttadaebmranooav.
1122 3504 1146 3562 ῃ
