2326 3780
351 577 383 644 r.
415 570 603 640 maerim
634 566 815 637 llaems

213 714 246 809 ll
304 712 337 813 U
395 711 426 804 C
485 707 515 803 ll
575 706 604 800 l
664 705 681 798 l
740 703 771 796 C
830 699 861 795 tl
920 698 951 793 Ν

475 868 687 934 LIBER.

504 1002 651 1013 ---

361 1100 557 1166 TITYRUS.
598 1100 766 1159 ECLOGA
787 1100 808 1156 l.

334 1213 593 1267 uuuraouus.
638 1209 836 1264 arsurus,

442 1332 727 1410 usurpemus,

111 1433 234 1543 Tityre,
250 1471 283 1522 tu
296 1464 418 1538 patulae
432 1464 583 1525 recubans
597 1464 655 1525 sub
669 1463 801 1538 tegmine
814 1463 875 1539 lagi

111 1552 293 1613 Silvestrem
307 1547 389 1608 tenui
403 1548 523 1607 Musam
536 1547 692 1607 meditaris
707 1562 821 1616 avena,

111 1637 176 1701 Nos
192 1631 309 1709 patriae
323 1631 401 1692 fines
417 1638 447 1691 et
462 1632 563 1692 dulcia
576 1631 740 1706 linquimus
755 1645 838 1688 arva.

111 1719 174 1791 lios
189 1716 317 1793 patriam
332 1717 480 1792 sugimus,
503 1723 543 1790 tu,
560 1717 671 1793 Tityre,
686 1714 785 1775 lentus
799 1710 951 1773 inumbra

110 1803 290 1862 Formosam
304 1817 452 1861 resonare
466 1801 562 1863 doces
575 1798 768 1876 Amaryllida
781 1798 886 1858 silvas.
1046 1803 1064 1857 5

111 1969 134 2031 0
150 1969 310 2042 Meliboee,
327 1970 404 2030 deus
418 1970 509 2030 nobis
523 1969 599 2030 haee
615 1970 678 2029 otia
691 1968 776 2028 lecim
990 1856 1051 1991 ο

109 2055 247 2129 Namque
262 2053 318 2114 erit
332 2054 382 2112 ille
396 2054 469 2112 milri
484 2070 605 2129 semper
620 2054 714 2123 deus3
736 2052 816 2111 illius
832 2065 916 2109 aram

110 2138 211 2215 Saepe
224 2145 312 2198 tener
323 2138 438 2198 nostris
452 2138 490 2198 ab
506 2138 636 2199 ovilibus
651 2136 765 2196 imbuet
778 2151 885 2210 agnus.

110 2223 164 2283 Ille
178 2238 263 2282 meas
279 2238 381 2281 errare
395 2222 502 2294 boves,
518 2229 551 2283 ut
565 2223 674 2294 demis,
690 2228 720 2280 et
734 2222 835 2296 ipsum

111 2308 239 2380 Ludere,
256 2322 335 2383 quae
348 2306 468 2378 vellem,
485 2307 602 2366 calamo
617 2305 755 2381 pemllslt
768 2303 890 2379 agresti.
1031 2311 1064 2363 10

365 2382 369 2395 ’
444 2388 726 2452 MELlBOEUS.

112 2473 180 2532 Non
195 2473 337 2547 equidem
351 2475 491 2545 invide0;
514 2476 606 2534 miror
619 2473 732 2548 magis:
754 2465 888 2545 nisique
900 2470 971 2530 totis

112 2557 219 2631 Usque
233 2557 312 2617 adeo
325 2558 461 2621 turbatur
475 2559 566 2635 agris.
586 2559 642 2630 En,
658 2558 728 2633 ipse
742 2555 876 2631 capellas

112 2640 259 2701 Protenus
274 2657 367 2717 aeger
377 2660 452 2719 ago;
474 2643 554 2702 hane
565 2643 656 2702 etiam
665 2640 729 2714 vix,
743 2640 854 2716 Tityre,
871 2639 961 2700 duco.

111 2725 169 2784 Hie
183 2725 260 2785 inter
274 2726 388 2787 densas
403 2727 526 2788 eorulos
540 2727 633 2786 modo
648 2740 779 2800 namque
794 2724 951 2799 gemellos,

112 2809 206 2885 Spem
220 2811 331 2886 gregis,
348 2812 397 2883 alr,
414 2811 499 2871 silice
513 2812 544 2871 in
559 2811 642 2871 nude
655 2808 788 2869 eormixa
800 2807 933 2881 reliquit.
1031 2814 1063 2866 15
1100 2812 1104 2819 '

109 2893 213 2969 Saepe
227 2894 339 2954 malurn
352 2895 413 2967 hoe
427 2894 526 2968 nobis,
542 2895 569 2955 si
579 2911 666 2955 mens
681 2908 743 2952 non
757 2892 848 2953 laeva
862 2891 978 2961 luisset,

109 2978 156 3037 De
172 2978 260 3038 coelo
274 2985 372 3040 tactas
386 2980 508 3041 memini
522 2979 701 3054 praedicere
716 2991 858 3052 quereus.

110 3061 175 3123 Sed
189 3069 299 3135 tamen,
316 3063 374 3123 lsle
389 3065 465 3124 deus
482 3063 533 3137 qui
548 3064 594 3133 sit,
611 3064 661 3135 da,
676 3062 786 3138 Tityre,
803 3057 902 3119 nobis.
1017 3098 1020 3105 ·

108 3228 233 3302 Urbem,
250 3247 341 3304 quam
356 3231 460 3293 dieunt
472 3232 609 3303 Romam,
624 3229 784 3303 Meliboee,
799 3227 904 3303 putavi

109 3313 226 3373 Stultus
242 3330 300 3389 ego
315 3314 385 3376 lruie
400 3323 524 3376 nostrae
538 3315 675 3388 similem,
693 3329 754 3388 quo
766 3328 861 3388 saepe
872 3311 1007 3371 solemus
1029 3318 1063 3369 πο

152 3413 314 3458 rmeurus.
845 3406 864 3459 l
