2326 3780
95 195 159 261 aaa
363 191 395 250 r.
416 138 577 250 vineia'u
600 190 797 251 aaronis

97 350 213 411 Securo
229 346 331 405 iessos
346 357 454 403 somno
469 343 674 403 mandaverat
689 350 792 402 artus.

96 432 215 493 Stratus
230 428 313 489 humi
327 428 447 488 dulcem
461 426 602 502 capiebat
616 427 720 486 eorde
736 428 892 503 quietem,

96 517 133 576 Ni
148 514 359 588 fors-incertos
373 510 517 571 iussisset
532 511 646 571 ducere
660 526 776 571 casus.
1013 521 1043 574 itt
1063 504 1068 539 ¹·

96 600 174 660 Nam
188 597 311 658 solitum
324 596 454 654 volvens
468 595 508 653 ad
523 600 646 668 ternpus
660 594 825 656 tractibus
841 594 943 656 isdem

97 681 240 743 Immanis
255 680 341 740 vario
356 679 524 738 maculatus
539 693 673 752 corpore
689 692 844 754 serpens,

22 802 27 813 ·
97 767 219 827 Mersus
234 771 266 824 ut
280 765 309 822 in
323 763 393 822 limo
408 778 519 837 magno
535 761 715 822 subsideret
729 771 837 837 aestu,

97 851 152 910 Ille
166 850 248 907 viam
262 853 367 907 eontra
380 861 520 921 carpens,
534 847 637 919 gravis
652 861 711 905 ore
726 846 882 922 trilingui,
1069 906 1075 921 ,

100 933 293 1008 Squamosos
308 932 367 991 late
381 930 544 1005 torquebat
557 928 692 989 motibus
709 929 822 1005 orbes,
1016 941 1050 993 tir
1069 930 1075 983 i

98 1017 296 1089 Tollebatque
310 1029 403 1073 aurae
415 1013 565 1087 venientis
580 1012 619 1072 ad
635 1013 742 1072 omnia
758 1015 868 1074 visus.

98 1101 163 1161 Iam
176 1099 273 1172 magis
289 1104 379 1170 atque
393 1097 490 1172 magis
505 1112 616 1172 corpus
630 1098 812 1157 revolubile
830 1100 965 1160 volvens

99 1182 217 1244 Attoitit
231 1180 332 1239 nitidis
347 1187 455 1255 pectus
471 1179 640 1256 fulgoribus
654 1188 751 1255 atque

101 1265 229 1326 Sublimi
244 1264 364 1323 oerviee
379 1270 479 1339 eaput,
496 1265 544 1325 cui
558 1264 651 1323 arista
666 1280 811 1338 superne

97 1349 188 1408 Edita
201 1363 356 1422 purpureo
370 1347 476 1408 lucens
491 1348 657 1408 maculatur
671 1348 799 1422 amictu,
1019 1359 1054 1413 itt

98 1433 320 1507 Adspeatuque
334 1432 447 1492 micant
459 1431 643 1492 flammantia
657 1431 775 1491 lumina
789 1439 902 1493 torvo.

99 1515 234 1576 Metabat
247 1518 307 1576 late
321 1515 434 1575 circum
448 1516 525 1591 lora,
540 1532 609 1575 oum
622 1515 707 1573 videt
721 1516 842 1590 ingens

100 1600 275 1661 Adversum
289 1597 437 1660 recubare
451 1599 559 1659 ducem
572 1599 683 1674 gregis.
711 1601 834 1661 Aerior
849 1602 949 1663 instat

100 1684 228 1744 Lumina
242 1681 416 1743 diffundens
431 1683 595 1757 intendere,
611 1689 641 1741 et
655 1681 750 1742 obvia
764 1691 864 1746 torvo

102 1768 232 1843 Saepius
248 1767 395 1842 arripiens
410 1767 581 1842 infringere,
597 1766 682 1840 quod
694 1782 754 1826 sua
770 1770 949 1847 quisquam
1035 1779 1055 1795 ·’

100 1852 152 1911 Ad
166 1851 247 1910 vada
261 1850 406 1910 venisset.
435 1850 565 1910 Naturae
580 1858 740 1926 comparat
754 1867 865 1913 arma:

100 1935 199 1995 Ardet
211 1941 320 2006 mente,
337 1934 406 1993 furit
420 1934 609 2006 stridoribus,
625 1934 743 1995 intonat
758 1950 825 2011 ore,

100 2017 246 2079 Fiexibus
262 2018 392 2078 inversis
408 2025 564 2092 torquetur
578 2018 718 2093 eorporis
734 2018 835 2094 orbis,

100 2102 225 2162 Manent
240 2102 425 2175 sanguineae
439 2108 621 2177 pertractus
636 2102 776 2177 undique
790 2111 916 2180 guttae,

103 2185 266 2262 Spiritibus
280 2185 393 2259 rumpit
406 2186 521 2246 fauces.
550 2185 615 2258 Quo
632 2192 741 2245 cuncta
755 2197 906 2263 parante,

101 2268 249 2329 Parvuius
264 2268 401 2328 humoris
415 2276 569 2344 pastorem
583 2275 674 2329 terret
688 2271 845 2347 alumnus,

101 2351 140 2413 Et
152 2359 278 2414 mortem
293 2352 390 2411 vitare
404 2358 507 2414 monet
520 2368 576 2429 per
589 2353 744 2414 acumina:
767 2370 914 2432 namque

102 2436 169 2511 Qua
183 2437 306 2495 diducta
321 2450 416 2510 genas
431 2436 605 2511 pandebant
619 2437 733 2498 lumina
746 2441 896 2515 gemmis,

101 2520 148 2578 Ac
164 2518 294 2578 senioris
309 2526 374 2579 erat
389 2527 514 2583 naturae
527 2522 653 2596 pupula,
668 2522 729 2582 telo

101 2602 167 2661 Iota
180 2602 248 2660 levi.
276 2602 351 2661 Tum
365 2604 707 2678 prosiluit-furibundus,
726 2612 757 2665 et
770 2606 861 2667 iilum

96 2684 250 2767 ¹Obtritum
264 2685 351 2743 morti
365 2686 462 2747 misit:
484 2689 533 2749 cui
548 2688 673 2749 dissitus
689 2689 790 2749 omnis

103 2768 235 2845 Spiritus
250 2769 384 2829 excessit
399 2787 519 2833 sensus.
548 2772 623 2832 Tum
637 2780 726 2832 torva
738 2780 903 2836 tenentem

101 2853 229 2914 Lumina
241 2853 567 2930 respexitserpentem
581 2855 766 2928 comminuam
788 2856 868 2919 inde

101 2935 242 3012 Impiger,
258 2936 416 3011 exanimis,
431 2939 485 2999 vix
500 2955 627 3016 compos
640 2947 751 3011 mento,
764 2942 894 3018 refugia

60 3020 64 3025 '
100 3018 140 3079 Et
155 3020 289 3080 validum
303 3020 413 3081 dextra
425 3029 567 3091 truncum
579 3023 711 3085 detraxit
724 3023 763 3086 ab
777 3039 878 3097 orn03
895 3060 909 3071 -

103 3102 156 3163 Cui
172 3119 263 3163 rasus
278 3105 402 3181 sociarit
416 3121 506 3182 opem
520 3116 672 3179 nomenve¹
686 3109 826 3183 deorum,

100 3183 234 3247 Prodere
249 3187 289 3246 sit
302 3187 442 3260 dubium;
464 3191 560 3253 voluit
573 3192 630 3253 sed
643 3191 768 3253 vincere
781 3193 855 3254 talis

100 3267 233 3329 Horrida
247 3273 404 3346 squamosi
417 3274 573 3337 volventia
585 3275 721 3337 membra
734 3275 903 3352 draconis;
921 3315 934 3325 ·

100 3352 203 3424 Atque
217 3353 392 3417 reluctantis
406 3357 523 3421 enebris
536 3360 690 3437 foedeque
703 3362 838 3436 patenti·

100 3434 214 3498 latibus
229 3451 306 3499 oasa
318 3439 399 3516 terit,
410 3440 763 3519 morantemque
774 3447 909 3517 aristaee
