2326 3780
151 202 194 271 88
424 207 456 265 Ρ.
477 206 639 267 vfflelttt
659 206 834 269 ratechis

150 359 210 418 Dat
220 358 308 432 latus,
320 358 492 436 insequitur
501 358 621 418 cumulo
632 366 814 436 praeruptus
825 377 926 435 aquae
936 379 1040 424 inens.
1061 375 1114 429 1⁰5

150 443 189 503 Hi
204 459 321 503 surmno
336 442 476 504 intinctu
490 443 633 519 pendent,
649 443 698 503 his
711 444 796 503 unda
810 445 975 507 dehiscens

150 526 272 607 Terram
286 527 488 588 intertinctus
503 528 609 603 aperit,
631 527 703 586 furit
715 535 821 588 aestus
838 530 950 591 arenis.

149 610 224 671 Tres
238 612 333 673 Notus
348 611 492 687 abreptas
507 612 538 670 in
552 627 630 670 saxa
643 613 768 671 latentia
781 620 915 687 torquet·

151 694 235 756 Saxa
249 703 361 755 vocant
374 695 449 769 ltaii,
464 696 574 754 mediis
589 711 670 770 quae
684 695 715 755 in
729 694 881 767 fluctibus,
896 698 987 761 Aras.

148 779 281 840 Dorsum
295 780 425 839 immane
438 780 514 837 mari
529 793 676 850 summo-3
698 786 762 839 tres
775 781 874 841 Eurus
889 783 928 841 ab
942 786 1006 844 aito
1058 798 1112 850 110

149 864 184 923 ln
198 863 305 924 brevia
319 869 350 923 et
364 862 472 938 Syrtes
485 863 761 937 rugat-miserabile
774 865 867 938 visu,

149 947 301 1022 liiiditque
314 947 404 1006 vadis
417 953 509 1021 atque
523 962 635 1021 aggere
649 948 742 1022 cingit
755 964 877 1007 arenae.
965 938 998 989 ⁴

149 1032 256 1104 Unam,
274 1045 353 1105 quae
367 1029 480 1106 Lycius
495 1031 651 1107 fidumque
666 1031 797 1092 vehebat
808 1030 950 1106 Oronten,

149 1115 250 1190 Ipsius
266 1120 336 1173 ante
351 1114 458 1174 ocutus
473 1115 581 1190 ingens
596 1116 744 1176 avertice
759 1123 873 1191 pontus

148 1199 182 1257 In
197 1198 324 1274 puppim
338 1198 419 1257 ierit:
442 1199 590 1260 excutitur
604 1215 782 1274 pronusque
795 1201 940 1275 magister
1056 1214 1111 1268 115

148 1282 289 1342 Volvitur
302 1282 332 1340 in
347 1289 446 1358 eaput,
462 1289 510 1343 ast
523 1283 605 1342 iilam
620 1290 665 1342 ter
677 1282 789 1343 tinctus
804 1283 916 1344 ibidem

147 1366 280 1441 Torquet
293 1382 388 1442 agens
404 1366 516 1427 circum
530 1374 561 1427 et
572 1368 699 1443 rapidus
714 1374 802 1428 vorat
815 1384 951 1443 aequore
965 1376 1094 1443 vertex;

147 1452 307 1526 Apparent
320 1451 380 1510 rari
394 1460 502 1512 nentes
516 1453 547 1511 in
562 1452 679 1527 gurgite
693 1458 791 1524 vaste,

147 1538 243 1595 Anna
255 1535 354 1596 virum
368 1536 553 1612 tabulaeque
567 1541 597 1595 et
608 1534 700 1594 Troia
714 1550 790 1610 gaza
804 1550 861 1610 per
873 1537 982 1596 undas.

147 1619 210 1679 Iam
225 1620 358 1680 validam
373 1622 479 1682 liionei
493 1637 612 1694 navem,
626 1620 687 1678 iam
701 1619 788 1679 tortis
802 1619 947 1693 Achatae,
1055 1634 1113 1686 120

146 1704 186 1764 Et
201 1720 262 1779 qua
276 1712 381 1768 vectus
396 1706 490 1780 Abas,
506 1712 537 1765 et
549 1720 612 1781 qua
624 1703 820 1779 grandaevus
833 1704 949 1775 Aletes,

146 1788 227 1848 Vicit
240 1789 353 1850 hiems:
375 1791 454 1851 laxis
469 1791 595 1850 laterum
610 1784 810 1863 compagibus
826 1802 932 1846 omnes

146 1873 309 1950 Accipiunt
322 1874 476 1934 inimicum
489 1873 616 1932 imbrem
629 1872 776 1947 rimisque
791 1872 941 1931 fatiscunt.

188 1959 307 2019 Interea
320 1974 431 2033 magno
446 1956 567 2017 misceri
581 1971 733 2016 mrumure
748 1962 883 2031 pontum,

145 2042 358 2118 Emissamque
372 2042 503 2100 hiemem
517 2040 614 2099 sensit
627 2039 785 2114 Neptunus
804 2047 835 2098 et
842 2039 910 2098 imis
1053 2051 1110 2104 125

147 2125 261 2201 Stagna
274 2127 379 2185 retusa
391 2124 491 2197 vadis,
507 2123 641 2199 graviter
655 2130 840 2193 commotum
863 2130 894 2182 et
906 2123 967 2182 aito

144 2209 347 2284 Prospiciens‚
364 2222 483 2267 summa
496 2207 650 2283 piacidrun
664 2215 756 2284 caput
770 2207 875 2267 extulit
888 2207 981 2266 unda.

145 2292 309 2352 Disiectam
323 2293 448 2351 Aeneae
461 2298 525 2351 toto
540 2292 624 2352 videt
638 2307 773 2367 aequore
787 2292 928 2363 classem,

144 2375 299 2435 Fluctibus
314 2390 485 2451 oppressos
499 2376 595 2436 Troas
610 2377 751 2450 coelique
765 2377 868 2446 ruina;

144 2460 207 2519 Nee
221 2461 337 2518 latuere
351 2459 414 2518 doti
429 2461 550 2520 tratrem
564 2459 689 2520 Iunonis
703 2467 733 2519 et
747 2460 820 2519 irae.
1050 2467 1107 2522 130

143 2544 257 2603 Eurum
270 2542 311 2601 ad
325 2558 360 2603 se
373 2543 610 2621 Zephymmque
622 2551 724 2615 vocat
739 2543 850 2603 dehinc
864 2542 937 2603 talia
951 2542 1044 2602 tatur.

144 2672 168 2701 ,
156 2627 298 2700 Tantane
310 2642 370 2687 vos
385 2629 506 2703 generis
521 2629 616 2687 tenuit
629 2628 744 2688 fiducia
756 2628 873 2687 vestiit

143 2710 226 2786 „Iam
241 2710 361 2771 coelum
374 2719 547 2787 terramque
560 2728 629 2772 mec
644 2713 711 2772 sine
725 2712 855 2784 tuumne,
870 2708 970 2781 Venti,

144 2794 295 2869 „Miscere
310 2802 339 2855 et
353 2802 452 2856 tantas
467 2796 586 2857 audetis
600 2796 707 2856 toliere
720 2797 840 2855 molest

143 2878 246 2954 „Quos
259 2888 361 2953 ege...!
386 2878 449 2940 Sed
459 2887 559 2940 motos
568 2887 703 2955 praestat
711 2876 1031 2955 componerefluetus,
1050 2888 1103 2941 135

142 2960 235 3038 „Post
248 2962 320 3021 mihi
335 2978 397 3023 non
412 2964 501 3024 simili
515 2980 617 3041 poena
631 2964 797 3024 commissa
809 2962 909 3024 luetis.

143 3046 309 3121 „Maturate
323 3048 434 3124 fugam,
453 3050 580 3125 regique
594 3048 671 3108 haec
686 3048 777 3107 dicite
791 3052 905 3118 vestro,

144 3130 229 3204 „Non
245 3131 286 3190 illi
301 3132 459 3209 imperium
475 3132 574 3209 pelugi
591 3148 779 3208 saevumque
793 3131 962 3199 tridentem,

143 3212 226 3287 „Sed
241 3215 314 3275 mihi
330 3225 413 3278 sorte
428 3218 541 3279 datum.
575 3216 669 3276 Tenet
682 3216 733 3276 ille
747 3214 890 3275 immania
904 3226 991 3285 sexa,

143 3296 300 3374 „Vestras
315 3301 405 3375 Eure,
421 3301 547 3362 domos·
569 3300 621 3359 iila
635 3300 796 3361 seiactet
789 3317 818 3358 m
834 3297 904 3358 aula
1047 3306 1103 3360 tto

143 3382 289 3457 „themius
304 3391 335 3444 et
349 3387 455 3445 clauso
469 3390 631 3444 ventorum
646 3399 769 3444 carcere
784 3385 920 3457 regnet“

54 3423 195 3582 ,δίο
204 3469 257 3541 ait,
274 3473 304 3528 et
318 3466 400 3530 dicto
414 3468 502 3530 citius
516 3468 631 3529 tumida
644 3482 780 3544 aequora
794 3467 904 3543 piacet,
