2340 4296
134 577 198 643 aro
402 576 435 637 n.
455 576 618 639 vmonn
638 575 816 671 nnnoms

137 733 224 807 veie,
240 729 369 801 Sabine;
391 731 450 791 iarn
463 730 572 805 valete,
589 730 725 791 formosi.

136 816 200 877 Nos
215 815 255 875 ad
270 815 376 876 beatos
390 815 461 875 vela
473 814 617 875 mittimus
632 821 748 891 portos,

136 900 241 975 Magni
255 907 394 975 petentes
409 899 502 959 doato
515 899 597 959 diota
611 897 752 976 Syronis,

138 985 302 1059 vitamque
317 982 355 1043 ab
371 983 452 1043 omni
466 981 689 1043 vindicabimus
704 998 786 1043 eura.

138 1070 183 1129 lto
197 1068 277 1139 hinc,
293 1067 452 1141 camenae,
468 1082 525 1128 vos
541 1082 665 1143 quoque
679 1068 773 1129 limite
786 1066 942 1143 saevae*

138 1151 254 1212 Duiaes
268 1150 434 1211 Camenae:
456 1166 527 1211 nam
541 1150 703 1213 fatebimur
715 1168 830 1229 verum,

140 1233 253 1295 Dulces
268 1234 378 1296 iuistr's.
405 1234 444 1295 Iit
456 1240 558 1297 tamon
572 1252 659 1296 meas
674 1236 795 1297 chartas

138 1317 316 1391 Revisitote,
332 1318 390 1379 sed
404 1320 556 1395 pudenter
568 1326 600 1381 et
612 1334 692 1381 raro.

581 1484 657 1549 vrit.

283 1601 335 1665 DE
356 1598 494 1662 SABINO
515 1598 683 1663 PARODIA
702 1598 957 1664 GATULUANA.

142 1722 274 1785 Sabinus
289 1720 348 1794 iile,
370 1734 461 1793 quern
474 1718 597 1793 videtis,
618 1720 765 1797 hospites,

140 1809 193 1869 nit
208 1804 304 1865 tuisse
318 1803 411 1863 mulio
426 1803 613 1878 celerrimus,

140 1892 247 1967 Neque
260 1888 352 1950 ultius
365 1888 499 1949 volantis
513 1888 659 1964 impetum
673 1886 731 1949 cisi

140 1974 292 2049 Nequisse
307 1972 482 2049 praeterire,
498 1972 565 2033 sive
578 1971 731 2033 Mantuam

142 2060 227 2135 Opus
243 2059 321 2118 ioret
335 2057 449 2137 volare,
465 2056 532 2117 sive
542 2055 685 2115 Brixiam.

140 2142 178 2203 Et
191 2142 251 2202 hoc
265 2148 357 2216 negat
369 2139 545 2219 Tryphonis
559 2140 669 2200 aemuli
685 2139 808 2201 domurn
911 2128 920 2147 ⁴

139 2226 259 2303 Negare
273 2223 416 2299 nobilem,
432 2224 602 2285 insuiamve
617 2224 744 2297 Caeruli,

139 2310 200 2372 Ubi
214 2310 280 2383 iste,
296 2314 369 2385 post
382 2306 525 2381 Sabinus,
539 2314 610 2368 ante
625 2306 762 2383 Quinctio

140 2392 271 2455 Bidente
285 2392 359 2454 dicit
372 2398 525 2453 attotonse
540 2392 658 2469 forcipe

142 2478 268 2539 Comata
281 2477 370 2553 ebila,
384 2491 423 2536 ne
438 2493 500 2551 qua
517 2476 686 2551 sordidum,
700 2476 772 2553 iugo

140 2562 307 2635 Premente,
323 2560 401 2620 dura
415 2561 526 2621 vuinus
541 2560 647 2621 ederet
660 2558 742 2621 iuba.

142 2646 291 2706 Cremona
304 2643 415 2719 frigida
429 2652 460 2704 et
472 2646 575 2705 iutosa
589 2644 695 2716 Gaiiia,

140 2730 206 2789 Tibi
220 2729 297 2789 haee
312 2729 408 2788 tuisse
419 2735 453 2788 at
466 2742 540 2789 esse
553 2728 763 2805 cognitissima

140 2816 192 2873 nit
206 2812 355 2882 Sabinus;
377 2812 482 2872 ultimo
496 2828 537 2873 ex
551 2812 669 2889 origine

63 2966 67 2974 ¹
140 2900 205 2957 Tua
218 2897 342 2957 stetisse
357 2896 430 2957 dicit
443 2896 474 2955 in
488 2896 645 2973 voragine,

140 2982 204 3041 Tua
217 2981 247 3039 in
262 2982 378 3057 palude
393 2980 558 3056 deposisse
573 2980 721 3057 sarcinas,

139 3064 178 3124 Et
191 3064 263 3125 inda
277 3071 322 3125 tot
335 3080 392 3141 per
405 3064 542 3126 orbitosa
556 3065 649 3125 miiiia

140 3149 247 3224 Iugum
260 3149 375 3221 tulisse,
394 3148 485 3209 laeva
499 3149 566 3209 sive
581 3149 710 3209 dextera

141 3230 276 3309 strigare
289 3233 372 3293 mula
386 3231 453 3291 sive
466 3232 619 3308 utrimque
633 3238 778 3309 coeperat

140 3400 246 3477 Neque
259 3400 323 3461 ulia
338 3406 409 3459 vota
423 3399 612 3461 semitriibus
627 3400 696 3461 deis

141 3483 205 3543 Sibi
221 3500 292 3545 esse
307 3484 395 3558 iacta,
417 3484 613 3560 praeterhac
628 3482 838 3557 nobissimum,

138 3565 266 3628 Paterna
281 3569 345 3627 lora
359 3569 594 3644 proximumque
607 3568 769 3645 pectinent.

141 3650 204 3711 Sed
219 3652 295 3711 haec
309 3652 395 3725 prins
411 3652 509 3723 iuere3
532 3668 614 3714 nuno
628 3653 762 3715 eburnea

140 3733 296 3809 sedetque
310 3736 395 3809 sede,
412 3752 510 3812 seque
524 3738 647 3799 dedirat
660 3737 723 3811 tibi,

137 3818 274 3879 Gemoile
290 3819 406 3896 Castor,
428 3830 459 3883 et
473 3822 607 3883 Gerneiie
622 3822 766 3883 Castoris.
