2340 4296
164 614 227 682 176
439 614 472 676 Ρ.
492 614 655 677 VIRGlLll
674 613 850 675 MARONIS

162 768 301 846 corpore
315 767 375 829 tela
388 766 481 829 mede
497 774 589 842 atque
604 766 702 827 oeulis
716 766 912 841 vigilantibus
927 767 1005 839 exit,

162 854 226 929 ille,
240 852 324 913 velut
338 852 452 913 eelsam
465 858 623 929 oppugnat
638 851 689 927 qui
702 850 835 913 mutibus
849 850 957 911 urbem

163 942 225 997 Aut
238 943 383 997 montana
395 936 485 998 sedet
498 936 613 996 eireum
626 935 753 995 castella
767 935 825 995 sub
840 935 943 1007 armis,
1073 948 1126 1001 sta

162 1021 248 1083 Nune
261 1019 320 1083 hus
333 1036 414 1082 nune
428 1021 499 1081 illas
513 1020 614 1080 aditus
630 1034 814 1095 omnemque
827 1027 964 1096 pererrat

161 1106 236 1165 Arte
250 1106 359 1179 laeum,
376 1112 406 1165 et
420 1104 514 1165 variis
529 1103 695 1165 assultibus
709 1104 811 1163 irritus
825 1110 945 1179 urguet.

162 1188 301 1251 Ostendit
316 1190 456 1250 dextram
469 1188 632 1262 insurgens
645 1187 782 1247 Entellus
796 1194 827 1249 et
840 1188 901 1247 alte

160 1274 290 1345 lixarum
312 1274 364 1334 ille
379 1274 470 1334 letum
483 1272 656 1331 venientem
670 1288 689 1332 a
702 1272 817 1333 vertice
830 1272 925 1332 velox

161 1356 323 1432 Praevidit,
338 1358 493 1431 celerique
508 1356 633 1431 elapsus
648 1371 780 1432 corpore
793 1356 902 1417 eessit=
1075 1367 1126 1422 tib

161 1441 298 1501 Entellus
312 1442 396 1501 vires
411 1442 442 1501 in
456 1446 581 1500 ventum
595 1438 713 1515 effudit,
728 1447 758 1500 et
772 1440 850 1501 ultre

162 1526 234 1601 ipse
248 1524 352 1599 gravis
366 1524 560 1600 graviterque
574 1525 615 1583 ad
630 1531 741 1584 terram
755 1524 895 1599 pondere
910 1530 998 1583 vasta

161 1609 310 1683 Concidit,
325 1615 359 1668 ut
373 1609 529 1683 quondam
543 1624 622 1669 aava
635 1609 770 1668 euneidit
782 1615 835 1668 aut
847 1606 1038 1684 Erymantho

161 1694 224 1753 Aut
236 1693 293 1752 lda
304 1692 337 1751 iu
350 1708 462 1767 magna
474 1692 630 1753 radicibus
644 1700 731 1753 emta
745 1693 846 1768 pinus.

161 1776 356 1852 Consurgunt
369 1776 480 1838 studiis
492 1776 600 1839 Teucri
615 1783 645 1838 et
658 1776 812 1837 Trinacria
825 1776 941 1853 pubem
1073 1788 1127 1843 450

160 1858 187 1921 lt
201 1861 317 1920 elamor
330 1861 428 1933 eaelo,
443 1861 622 1939 primusque
636 1861 766 1921 aeeurrit
779 1863 919 1933 Acestes,

160 1946 423 2021 Aequaevumque
437 1946 476 2006 ab
490 1945 582 2005 humo
597 1944 748 2005 miserans
762 1946 870 2005 attollit
884 1944 1026 2005 amicum.

159 2030 202 2089 m
216 2044 278 2089 non
291 2030 428 2091 tardatus
444 2045 520 2091 casu
534 2044 635 2105 neque
647 2028 768 2091 territus
783 2028 876 2090 heros

160 2114 271 2174 Aerior
284 2114 326 2173 ad
339 2131 471 2191 pugnam
487 2113 575 2189 redit,
590 2128 628 2173 ae
641 2114 704 2174 vim
718 2114 848 2175 suscitat
861 2114 916 2173 ira.

160 2198 236 2259 Tum
249 2198 596 2274 pudorineenditvires
611 2198 901 2274 eteunseiavirtus,
1072 2212 1126 2265 455

159 2280 421 2359 Praecipitemque
435 2283 536 2343 Daren
550 2282 663 2342 ardeus
678 2283 741 2358 agit
754 2298 889 2358 aequore
904 2289 976 2357 tutu,

45 2366 48 2371 '
160 2366 246 2427 Nune
262 2367 371 2427 dextra
384 2365 574 2442 ingeminans
590 2366 669 2427 letus
684 2382 765 2427 nune
779 2366 830 2427 ilie
844 2366 977 2429 sinistra.

159 2448 223 2511 Nee
237 2467 332 2524 mera,
348 2466 406 2511 nee
419 2450 558 2524 requies:
582 2466 674 2524 quarn
687 2452 782 2511 multa
793 2451 943 2525 grandine
956 2450 1056 2513 nimbi
1135 2520 1140 2527 .

161 2534 348 2596 Culminibus
363 2535 529 2610 crepitant;
553 2533 599 2593 sie
613 2534 720 2595 densis
735 2534 845 2596 letibus
859 2536 953 2597 herus

160 2617 273 2679 Creber
286 2627 414 2694 utraque
428 2634 519 2677 manu
533 2618 635 2694 pulsat
648 2627 814 2695 versatque
827 2619 948 2680 Dareta.
1072 2632 1126 2687 leo

159 2702 234 2762 Turn
249 2710 336 2778 pater
348 2704 472 2763 Aeneas
486 2703 657 2777 procedere
672 2704 792 2780 lougius
808 2704 871 2764 iras

159 2786 196 2845 Et
211 2787 332 2846 saevire
346 2786 456 2847 aniniis
469 2786 619 2847 Entellum
632 2788 715 2847 lraud
731 2804 845 2864 passus
861 2786 999 2859 acerbi&

160 2870 223 2931 Sed
238 2871 330 2931 tinem
345 2869 490 2945 imposuit
502 2887 634 2947 pugnae,
650 2872 829 2947 fessumque
843 2872 956 2932 Dareta

158 2954 285 3030 Eripuit
302 2954 440 3017 muleens
455 2955 555 3028 dietis,
571 2971 609 3017 ae
622 2956 695 3017 talia
709 2956 803 3018 latur:

159 3040 296 3113 „inretire
313 3053 393 3114 quae
407 3046 491 3099 tanta
504 3041 637 3102 aninum
652 3040 805 3104 dementia
820 3041 920 3117 cepitt
1070 3054 1125 3109 465

158 3123 245 3197 „lion
258 3124 341 3182 uires
357 3122 433 3183 alias
449 3139 663 3200 conversaque
677 3125 800 3187 numina
813 3125 932 3185 sentist

158 3206 261 3281 „Cede
276 3206 374 3267 deut“
394 3207 546 3284 Dixitque,
562 3206 593 3270 e't
606 3208 725 3285 proelia
737 3225 816 3270 voee
831 3210 959 3269 diremit

157 3292 217 3353 Ast
230 3291 314 3351 illum
328 3290 382 3351 ttdi
397 3294 553 3367 aequales,
567 3310 669 3369 genua
682 3308 775 3368 aegra
788 3293 965 3364 trahentem,

158 3376 385 3451 laetantemque
398 3384 528 3453 utroque
542 3385 644 3453 eaput,
659 3393 859 3454 crassumque
874 3392 1014 3437 eruerem

159 3459 218 3520 Ore
232 3460 413 3521 eiectantem
427 3462 603 3537 mixtosque
617 3461 648 3521 in
662 3462 811 3537 sanguine
827 3463 944 3533 dentes,
1068 3474 1126 3529 ato

157 3544 278 3606 Ducunt
292 3544 334 3607 ad
347 3560 454 3619 naves,
469 3548 650 3621 galeamque
665 3561 833 3622 ensemque
846 3547 948 3606 voeati

156 3630 336 3707 Aeeipiunm
359 3630 493 3708 palmam
505 3630 624 3691 Entello
639 3637 821 3707 taurumque
833 3632 1020 3707 relinquunt.

156 3712 214 3773 llie
230 3716 336 3791 vietor,
352 3732 504 3792 superans
518 3714 628 3775 animis
642 3721 793 3791 tauroque
806 3716 969 3792 superbus,

157 3797 251 3872 „Nate
266 3799 333 3873 dea,
351 3816 471 3876 vosque
484 3799 581 3860 haee“
595 3800 692 3875 inquit
706 3801 912 3876 „cognoscite
927 3799 1046 3873 Teueri,

155 3880 213 3957 „Et
227 3883 299 3943 mihi
316 3900 395 3959 quae
410 3884 520 3957 luerint
534 3884 666 3948 iuuenali
681 3884 712 3944 in
727 3901 858 3963 corpure
874 3886 964 3960 vires,
1067 3894 1122 3951 ets
