2326 3780
95 247 160 313 288
371 246 404 306 P.
416 244 593 347 ¹VIRGILII
616 245 817 311 MARONIS

96 407 150 463 lllo
165 410 232 463 astu
247 400 337 474 subit,
351 406 383 459 at
395 395 599 458 tremebunda
615 403 818 475 supervolat
830 401 920 463 hasta:

95 490 134 550 Et
147 502 248 563 genua
262 484 451 560 amplectens
466 479 579 541 effatur
593 482 678 542 talia
694 487 857 562 supplex:

96 573 174 651 „Per
188 570 305 646 patrios
315 568 423 627 Manes
438 572 469 625 et
482 579 556 639 spes
572 570 746 640 surgentis
763 570 832 643 lull,

98 657 159 734 „Te
175 654 293 730 precor,
308 653 387 711 hanc
402 650 532 709 animam
548 663 667 711 serves
683 662 854 729 gnatoque
867 650 958 728 patitur

98 741 174 817 „Est
188 739 297 797 domus
312 736 391 805 alta;
412 735 513 793 iacent
527 731 660 806 penitus
677 736 821 799 defossa
834 738 928 798 talenta

99 822 233 899 „Caelati
249 819 380 894 argenti3
403 824 474 877 sunt
487 815 552 875 auri
566 818 723 890 pondera
739 822 819 882 lacti

99 906 287 982 „Iniectique
302 902 384 962 mihi.
412 902 479 961 Non
493 898 542 957 hic
556 899 700 963 victoria
714 904 874 966 Teucrdm

98 990 261 1067 „Vertitur
277 995 329 1047 aut
343 986 444 1047 anima
457 999 518 1045 una
532 982 620 1043 dabit
636 985 834 1049 discrimina
848 996 939 1050 tantm

99 1075 240 1141 Dixerat;
262 1072 385 1131 Aeneas
401 1075 506 1130 contm
519 1066 568 1125 cui
582 1066 663 1127 talia
677 1072 809 1133 reddit:

99 1155 247 1232 „Argenti
261 1161 353 1228 atque
368 1154 434 1214 auri
446 1166 600 1211 memoras
616 1168 708 1226 quae
723 1158 829 1218 multa
843 1159 941 1219 talenta

99 1240 225 1315 „Gnatis
241 1253 334 1313 parce
347 1238 423 1298 tuis=
444 1235 516 1295 belli
531 1238 729 1298 commercia
745 1240 873 1303 Turnus

99 1322 247 1397 „Sustulit
261 1321 320 1381 ista
334 1321 419 1396 prior
433 1320 568 1379 lamium
581 1316 730 1382 Pallante
747 1334 899 1399 peremto.

99 1406 185 1479 „Hoc
199 1406 294 1480 patris
308 1405 463 1464 Anchisae
477 1402 594 1475 Manes
609 1400 677 1463 hoc
694 1410 798 1470 sentit
813 1412 918 1471 lulns.“

100 1490 151 1548 Sic
167 1490 245 1548 latus
262 1489 380 1563 galeam
395 1490 485 1547 laeva
497 1492 587 1557 tenet,
603 1493 707 1561 atque
722 1492 855 1555 rellexa

100 1574 225 1633 cervice
241 1573 356 1632 orantis
371 1572 482 1646 capulo
496 1577 584 1629 tenus
601 1572 751 1645 applicat
767 1592 889 1638 ensem.

99 1658 161 1716 Nec
177 1657 285 1731 procul
298 1654 514 1727 Haemonides,
528 1651 645 1713 Phoebi
662 1655 866 1739 Triviaeque
880 1652 973 1723 sacal·

100 1741 197 1800 Insula
212 1740 260 1799 cni
274 1755 365 1800 sacra
377 1737 538 1799 redimibat
550 1742 700 1812 tempora
715 1743 810 1819 vitta,

100 1825 193 1885 'lotus
209 1823 365 1883 collucens
378 1828 467 1882 veste
481 1828 572 1895 atque
585 1819 775 1895 insignibus
792 1831 905 1891 annis:

101 1909 196 1981 Quem
208 1922 394 1981 congressus
408 1906 470 1981 agit
483 1919 601 1979 compo,
617 1904 824 1988 lapsumque
840 1918 974 1991 superstat

101 1992 247 2060 lnrmolat,
263 1990 439 2064 ingentique
452 1988 560 2047 umbra
571 1988 665 2062 tegit3
692 2008 790 2057 arma
807 1998 941 2059 Serestus

100 2076 193 2134 Lecta
206 2075 299 2133 relert
313 2074 456 2146 humoris,
471 2072 533 2145 tibi,
547 2088 603 2130 rex
619 2071 779 2155 Gradive,
801 2091 956 2160 tropaeum.

100 2154 273 2218 Instaurant
286 2158 369 2217 acies
383 2156 513 2216 Vulcani
529 2155 625 2230 stirpe
640 2170 777 2225 creatus

101 2242 250 2302 Caeculus
266 2248 297 2301 et
308 2240 436 2301 veniens
450 2240 621 2299 Marsorum
637 2246 812 2311 montibus
828 2252 945 2313 Umbro.

100 2325 294 2385 Dardanides
309 2332 415 2385 contm
428 2324 506 2385 furit.
535 2323 673 2385 Anxuris
691 2342 780 2393 cnse
796 2336 946 2397 sinistram
984 2343 989 2355 ·

100 2409 139 2468 Et
151 2415 248 2467 totum
263 2408 354 2484 clipei
368 2410 449 2469 ferro
464 2406 616 2467 deiecerat
632 2410 772 2487 orbem;
790 2450 806 2461 -

100 2491 226 2551 Dixerat
239 2492 289 2551 ille
303 2491 420 2565 aliquid
434 2506 584 2566 magnum,
600 2490 738 2569 vimque
755 2499 864 2563 affore
877 2502 957 2563 verbi·

100 2574 287 2648 Crediderat,
304 2577 454 2651 coeloque
468 2575 601 2635 animum
615 2574 766 2644 tortasse
784 2586 915 2662 serebat

101 2657 309 2732 canitiemque
324 2659 383 2718 sibi
398 2666 429 2719 et
441 2660 551 2733 longos
566 2660 768 2731 promiserat
783 2685 930 2743 annosr
996 2731 999 2740 ,

98 2741 261 2814 Tarquitus
276 2744 433 2803 exsultans
449 2750 555 2803 contra
568 2741 771 2816 fulgentibus
789 2758 899 2827 armis,

101 2824 264 2885 Silvicolae
278 2824 383 2888 Fauno
396 2826 524 2905 Dryope
540 2839 632 2899 quem
646 2835 807 2909 nympha
822 2845 943 2910 crearat
998 2909 1001 2918 Ι

100 2908 217 2969 Obvius
233 2908 351 2969 ardenti
366 2926 438 2971 sese
453 2910 569 2971 obtulit.
597 2910 653 2969 llle
669 2916 817 2983 reducta

98 2992 238 3052 Loricam
253 2993 405 3069 clipeique
419 2996 527 3069 ingens
543 3009 621 3054 onus
635 2994 783 3074 impedit
798 3006 901 3071 hasta.

98 3077 174 3136 Tum
189 3084 281 3152 caput
295 3079 409 3139 orantis
425 3078 636 3155 nequidquam
650 3088 685 3141 et
699 3088 808 3151 multa
823 3091 949 3169 parantis

98 3160 207 3219 Dicere
222 3160 363 3222 deturbat
376 3171 484 3235 terrae,
499 3170 708 3239 truncumque
723 3176 893 3250 tepentem
986 3199 993 3212 ‘

97 3242 297 3317 provolvens,
314 3246 499 3322 superhaec
513 3245 636 3307 inimico
653 3261 797 3325 pectore
815 3262 910 3325 latur:

98 3326 190 3400 „Istic
205 3344 295 3403 nunc,
309 3331 482 3405 metuende,
497 3330 577 3390 iacet
600 3330 671 3393 Non
687 3342 723 3397 te
739 3346 869 3419 optima
882 3353 960 3408 mata

97 3408 236 3483 „Condet
249 3412 352 3488 humo,
368 3415 530 3491 patrioque
545 3414 689 3478 onerabit
703 3429 860 3493 membra
873 3426 985 3509 sepitur.

101 3493 259 3573 „alitibus
269 3495 418 3573 linquere
427 3498 518 3568 ieris,
526 3504 582 3553 axa
591 3502 719 3567 aarum
726 3524 878 3579 menum

996 3567 1037 3702 t
