<?xml version="1.0" encoding="UTF-8"?>
<!DOCTYPE html PUBLIC "-//W3C//DTD XHTML 1.0 Transitional//EN"
    "http://www.w3.org/TR/xhtml1/DTD/xhtml1-transitional.dtd">
<html xmlns="http://www.w3.org/1999/xhtml" xml:lang="en" lang="en">
 <head>
  <title>
</title>
<meta http-equiv="Content-Type" content="text/html;charset=utf-8" />
  <meta name='ocr-system' content='tesseract 3.04.00' />
  <meta name='ocr-capabilities' content='ocr_page ocr_carea ocr_par ocr_line ocrx_word'/>
</head>
<body>
  <div class='ocr_page' id='page_1' title='image "./pvirgiliimaroni11virggoog/pvirgiliimaroni11virggoog_0459.png"; bbox 0 0 2326 3780; ppageno 0'>
   <div class='ocr_carea' id='block_1_1' title="bbox 158 212 837 279">
    <p class='ocr_par' dir='ltr' id='par_1_1' title="bbox 158 212 837 279">
     <span class='ocr_line' id='line_1_1' title="bbox 158 212 837 279; baseline -0.012 0"><span class='ocrx_word' id='word_1_1' title='bbox 158 216 221 279; x_wconf 74' lang='lat'>192</span> <span class='ocrx_word' id='word_1_2' title='bbox 425 212 456 270; x_wconf 89' lang='lat' dir='ltr'>P.</span> <span class='ocrx_word' id='word_1_3' title='bbox 478 212 638 271; x_wconf 78' lang='lat' dir='ltr'>VlltGlLll</span> <span class='ocrx_word' id='word_1_4' title='bbox 660 212 837 272; x_wconf 73' lang='lat' dir='ltr'>amiratus</span> 
     </span>
    </p>
   </div>
   <div class='ocr_carea' id='block_1_2' title="bbox 154 364 1126 2977">
    <p class='ocr_par' dir='ltr' id='par_1_2' title="bbox 156 364 945 443">
     <span class='ocr_line' id='line_1_2' title="bbox 156 364 945 443; baseline -0.001 -13"><span class='ocrx_word' id='word_1_5' title='bbox 156 372 321 443; x_wconf 86' lang='lat' dir='ltr'>Postquam</span> <span class='ocrx_word' id='word_1_6' title='bbox 334 368 418 428; x_wconf 92' lang='lat' dir='ltr'>illum</span> <span class='ocrx_word' id='word_1_7' title='bbox 431 364 495 423; x_wconf 85' lang='lat' dir='ltr'>vita</span> <span class='ocrx_word' id='word_1_8' title='bbox 511 365 606 423; x_wconf 82' lang='lat' dir='ltr'>victor</span> <span class='ocrx_word' id='word_1_9' title='bbox 621 365 764 439; x_wconf 83' lang='lat' dir='ltr'>spoliavit</span> <span class='ocrx_word' id='word_1_10' title='bbox 778 364 945 441; x_wconf 72' lang='lat' dir='ltr'>Achilles,</span> 
     </span>
    </p>

    <p class='ocr_par' dir='ltr' id='par_1_3' title="bbox 156 448 843 516">
     <span class='ocr_line' id='line_1_3' title="bbox 156 448 843 516; baseline -0.01 -1"><span class='ocrx_word' id='word_1_11' title='bbox 156 452 310 516; x_wconf 87' lang='lat' dir='ltr'>Dardanio</span> <span class='ocrx_word' id='word_1_12' title='bbox 325 452 451 510; x_wconf 82' lang='lat' dir='ltr'>Aeneae</span> <span class='ocrx_word' id='word_1_13' title='bbox 465 464 536 507; x_wconf 92' lang='lat' dir='ltr'>sese</span> <span class='ocrx_word' id='word_1_14' title='bbox 551 448 734 509; x_wconf 83' lang='lat' dir='ltr'>fortissimus</span> <span class='ocrx_word' id='word_1_15' title='bbox 748 448 843 508; x_wconf 89' lang='lat' dir='ltr'>heros</span> 
     </span>
    </p>

    <p class='ocr_par' dir='ltr' id='par_1_4' title="bbox 155 533 1126 780">
     <span class='ocr_line' id='line_1_4' title="bbox 156 533 1126 607; baseline -0.009 -8"><span class='ocrx_word' id='word_1_16' title='bbox 156 537 328 599; x_wconf 81' lang='lat' dir='ltr'>Addiderat</span> <span class='ocrx_word' id='word_1_17' title='bbox 342 534 468 607; x_wconf 90' lang='lat' dir='ltr'>socium,</span> <span class='ocrx_word' id='word_1_18' title='bbox 484 550 546 593; x_wconf 92' lang='lat' dir='ltr'>non</span> <span class='ocrx_word' id='word_1_19' title='bbox 561 533 706 592; x_wconf 82' lang='lat' dir='ltr'>interiora</span> <span class='ocrx_word' id='word_1_20' title='bbox 720 540 855 592; x_wconf 87' lang='lat' dir='ltr'>secutus.</span> <span class='ocrx_word' id='word_1_21' title='bbox 1086 550 1126 606; x_wconf 70' lang='lat'>170</span> 
     </span>
     <span class='ocr_line' id='line_1_5' title="bbox 157 617 1053 703; baseline 0.003 -20"><span class='ocrx_word' id='word_1_22' title='bbox 157 623 220 684; x_wconf 88' lang='lat' dir='ltr'>Sed</span> <span class='ocrx_word' id='word_1_23' title='bbox 231 630 302 695; x_wconf 85' lang='lat' dir='ltr'>tum,</span> <span class='ocrx_word' id='word_1_24' title='bbox 317 620 395 679; x_wconf 84' lang='lat' dir='ltr'>forte</span> <span class='ocrx_word' id='word_1_25' title='bbox 410 633 487 677; x_wconf 89' lang='lat' dir='ltr'>cava</span> <span class='ocrx_word' id='word_1_26' title='bbox 501 617 573 676; x_wconf 91' lang='lat' dir='ltr'>dum</span> <span class='ocrx_word' id='word_1_27' title='bbox 587 623 734 693; x_wconf 87' lang='lat' dir='ltr'>personat</span> <span class='ocrx_word' id='word_1_28' title='bbox 748 632 891 690; x_wconf 86' lang='lat' dir='ltr'>aequora</span> <span class='ocrx_word' id='word_1_29' title='bbox 908 626 1053 703; x_wconf 87' lang='lat' dir='ltr'>concha,</span> 
     </span>
     <span class='ocr_line' id='line_1_6' title="bbox 155 702 897 780; baseline -0.004 -13"><span class='ocrx_word' id='word_1_30' title='bbox 155 708 298 780; x_wconf 87' lang='lat' dir='ltr'>Demens,</span> <span class='ocrx_word' id='word_1_31' title='bbox 313 712 343 764; x_wconf 91' lang='lat' dir='ltr'>et</span> <span class='ocrx_word' id='word_1_32' title='bbox 359 710 446 763; x_wconf 90' lang='lat' dir='ltr'>cantu</span> <span class='ocrx_word' id='word_1_33' title='bbox 462 709 554 760; x_wconf 92' lang='lat' dir='ltr'>vocat</span> <span class='ocrx_word' id='word_1_34' title='bbox 568 702 597 759; x_wconf 90' lang='lat' dir='ltr'>in</span> <span class='ocrx_word' id='word_1_35' title='bbox 613 702 776 761; x_wconf 90' lang='lat' dir='ltr'>certamina</span> <span class='ocrx_word' id='word_1_36' title='bbox 792 702 897 779; x_wconf 61' lang='lat' dir='ltr'>divos</span> 
     </span>
    </p>

    <p class='ocr_par' dir='ltr' id='par_1_5' title="bbox 155 786 1040 945">
     <span class='ocr_line' id='line_1_7' title="bbox 155 786 1040 862; baseline 0.001 -9"><span class='ocrx_word' id='word_1_37' title='bbox 155 792 303 853; x_wconf 88' lang='lat' dir='ltr'>Aemulus</span> <span class='ocrx_word' id='word_1_38' title='bbox 319 793 481 862; x_wconf 85' lang='lat' dir='ltr'>exceptum</span> <span class='ocrx_word' id='word_1_39' title='bbox 495 786 653 845; x_wconf 84' lang='lat' dir='ltr'>Triton-si</span> <span class='ocrx_word' id='word_1_40' title='bbox 668 786 795 845; x_wconf 88' lang='lat' dir='ltr'>credere</span> <span class='ocrx_word' id='word_1_41' title='bbox 806 786 946 862; x_wconf 75' lang='lat' dir='ltr'>,dignum</span> <span class='ocrx_word' id='word_1_42' title='bbox 963 804 1040 853; x_wconf 91' lang='lat' dir='ltr'>est-</span> 
     </span>
     <span class='ocr_line' id='line_1_8' title="bbox 157 870 916 945; baseline -0.004 -9"><span class='ocrx_word' id='word_1_43' title='bbox 157 878 236 937; x_wconf 81' lang='lat' dir='ltr'>lnter</span> <span class='ocrx_word' id='word_1_44' title='bbox 251 888 328 934; x_wconf 85' lang='lat' dir='ltr'>saxa</span> <span class='ocrx_word' id='word_1_45' title='bbox 339 872 438 930; x_wconf 89' lang='lat' dir='ltr'>virum</span> <span class='ocrx_word' id='word_1_46' title='bbox 453 886 600 945; x_wconf 90' lang='lat' dir='ltr'>spumosa</span> <span class='ocrx_word' id='word_1_47' title='bbox 614 870 802 929; x_wconf 81' lang='lat' dir='ltr'>immerserat</span> <span class='ocrx_word' id='word_1_48' title='bbox 815 873 916 933; x_wconf 84' lang='lat' dir='ltr'>unda.</span> 
     </span>
    </p>

    <p class='ocr_par' dir='ltr' id='par_1_6' title="bbox 155 953 1124 1117">
     <span class='ocr_line' id='line_1_9' title="bbox 155 953 1124 1035; baseline 0.001 -15"><span class='ocrx_word' id='word_1_49' title='bbox 155 961 236 1035; x_wconf 78' lang='lat' dir='ltr'>Ergo</span> <span class='ocrx_word' id='word_1_50' title='bbox 252 972 359 1018; x_wconf 92' lang='lat' dir='ltr'>omnes</span> <span class='ocrx_word' id='word_1_51' title='bbox 374 969 485 1029; x_wconf 77' lang='lat' dir='ltr'>magno</span> <span class='ocrx_word' id='word_1_52' title='bbox 502 953 615 1013; x_wconf 87' lang='lat' dir='ltr'>circum</span> <span class='ocrx_word' id='word_1_53' title='bbox 631 956 764 1013; x_wconf 85' lang='lat' dir='ltr'>clamore</span> <span class='ocrx_word' id='word_1_54' title='bbox 780 955 971 1035; x_wconf 85' lang='lat' dir='ltr'>tremebant,</span> <span class='ocrx_word' id='word_1_55' title='bbox 1086 972 1124 1027; x_wconf 75' lang='lat'>175</span> 
     </span>
     <span class='ocr_line' id='line_1_10' title="bbox 155 1038 928 1117; baseline -0.004 -13"><span class='ocrx_word' id='word_1_56' title='bbox 155 1043 322 1117; x_wconf 79' lang='lat' dir='ltr'>Praecipue</span> <span class='ocrx_word' id='word_1_57' title='bbox 336 1040 406 1115; x_wconf 91' lang='lat' dir='ltr'>pius</span> <span class='ocrx_word' id='word_1_58' title='bbox 420 1042 564 1109; x_wconf 88' lang='lat' dir='ltr'>Aeneas;</span> <span class='ocrx_word' id='word_1_59' title='bbox 586 1045 649 1098; x_wconf 92' lang='lat' dir='ltr'>tum</span> <span class='ocrx_word' id='word_1_60' title='bbox 664 1039 750 1098; x_wconf 92' lang='lat' dir='ltr'>iussa</span> <span class='ocrx_word' id='word_1_61' title='bbox 765 1038 928 1114; x_wconf 86' lang='lat' dir='ltr'>Sibyllae-</span> 
     </span>
    </p>

    <p class='ocr_par' dir='ltr' id='par_1_7' title="bbox 154 1121 973 1285">
     <span class='ocr_line' id='line_1_11' title="bbox 154 1121 970 1199; baseline -0.001 -10"><span class='ocrx_word' id='word_1_62' title='bbox 154 1128 245 1189; x_wconf 90' lang='lat' dir='ltr'>Houd</span> <span class='ocrx_word' id='word_1_63' title='bbox 259 1122 514 1183; x_wconf 82' lang='lat' dir='ltr'>mora-festinant</span> <span class='ocrx_word' id='word_1_64' title='bbox 528 1121 647 1197; x_wconf 80' lang='lat' dir='ltr'>flentes,</span> <span class='ocrx_word' id='word_1_65' title='bbox 656 1128 809 1198; x_wconf 87' lang='lat' dir='ltr'>&#39;aramque</span> <span class='ocrx_word' id='word_1_66' title='bbox 825 1128 970 1199; x_wconf 84' lang='lat' dir='ltr'>sepulcri</span> 
     </span>
     <span class='ocr_line' id='line_1_12' title="bbox 156 1205 973 1285; baseline 0.001 -14"><span class='ocrx_word' id='word_1_67' title='bbox 156 1212 330 1285; x_wconf 78' lang='lat' dir='ltr'>congerere</span> <span class='ocrx_word' id='word_1_68' title='bbox 345 1205 506 1266; x_wconf 84' lang='lat' dir='ltr'>arboribus</span> <span class='ocrx_word' id='word_1_69' title='bbox 522 1208 672 1281; x_wconf 91' lang='lat' dir='ltr'>coeloque</span> <span class='ocrx_word' id='word_1_70' title='bbox 687 1210 818 1267; x_wconf 78' lang='lat' dir='ltr'>educere</span> <span class='ocrx_word' id='word_1_71' title='bbox 834 1218 973 1272; x_wconf 87' lang='lat' dir='ltr'>certant.</span> 
     </span>
    </p>

    <p class='ocr_par' dir='ltr' id='par_1_8' title="bbox 155 1291 1122 1535">
     <span class='ocr_line' id='line_1_13' title="bbox 155 1291 1040 1366; baseline -0.003 -11"><span class='ocrx_word' id='word_1_72' title='bbox 155 1296 217 1355; x_wconf 90' lang='lat' dir='ltr'>Itur</span> <span class='ocrx_word' id='word_1_73' title='bbox 231 1295 261 1352; x_wconf 89' lang='lat' dir='ltr'>in</span> <span class='ocrx_word' id='word_1_74' title='bbox 276 1292 432 1366; x_wconf 88' lang='lat' dir='ltr'>antiquam</span> <span class='ocrx_word' id='word_1_75' title='bbox 447 1291 564 1365; x_wconf 87' lang='lat' dir='ltr'>silvam,</span> <span class='ocrx_word' id='word_1_76' title='bbox 581 1292 700 1351; x_wconf 88' lang='lat' dir='ltr'>stabula</span> <span class='ocrx_word' id='word_1_77' title='bbox 715 1293 776 1351; x_wconf 89' lang='lat' dir='ltr'>alta</span> <span class='ocrx_word' id='word_1_78' title='bbox 790 1293 946 1358; x_wconf 77' lang='lat' dir='ltr'>terarum=</span> <span class='ocrx_word' id='word_1_79' title='bbox 1036 1352 1040 1359; x_wconf 73' lang='grc'><strong>,</strong></span> 
     </span>
     <span class='ocr_line' id='line_1_14' title="bbox 156 1376 1122 1456; baseline 0 -19"><span class='ocrx_word' id='word_1_80' title='bbox 156 1377 361 1437; x_wconf 69' lang='lat' dir='ltr'>Procumbunt</span> <span class='ocrx_word' id='word_1_81' title='bbox 375 1377 491 1452; x_wconf 76' lang='lat' dir='ltr'>piceae,</span> <span class='ocrx_word' id='word_1_82' title='bbox 508 1384 599 1436; x_wconf 87' lang='lat' dir='ltr'>sonat</span> <span class='ocrx_word' id='word_1_83' title='bbox 613 1378 672 1435; x_wconf 87' lang='lat' dir='ltr'>icta</span> <span class='ocrx_word' id='word_1_84' title='bbox 687 1376 847 1436; x_wconf 88' lang='lat' dir='ltr'>securibus</span> <span class='ocrx_word' id='word_1_85' title='bbox 864 1378 941 1456; x_wconf 86' lang='lat' dir='ltr'>ilex,</span> <span class='ocrx_word' id='word_1_86' title='bbox 1085 1393 1122 1447; x_wconf 78' lang='lat' dir='ltr'>lat</span> 
     </span>
     <span class='ocr_line' id='line_1_15' title="bbox 155 1459 890 1535; baseline -0.003 -14"><span class='ocrx_word' id='word_1_87' title='bbox 155 1462 387 1535; x_wconf 83' lang='lat' dir='ltr'>Fraxineaeque</span> <span class='ocrx_word' id='word_1_88' title='bbox 400 1459 504 1520; x_wconf 91' lang='lat' dir='ltr'>trabes</span> <span class='ocrx_word' id='word_1_89' title='bbox 519 1461 624 1520; x_wconf 90' lang='lat' dir='ltr'>cuneis</span> <span class='ocrx_word' id='word_1_90' title='bbox 640 1468 669 1520; x_wconf 90' lang='lat' dir='ltr'>et</span> <span class='ocrx_word' id='word_1_91' title='bbox 683 1461 780 1520; x_wconf 82' lang='lat' dir='ltr'>fissile</span> <span class='ocrx_word' id='word_1_92' title='bbox 794 1461 890 1521; x_wconf 91' lang='lat' dir='ltr'>robur</span> 
     </span>
    </p>

    <p class='ocr_par' dir='ltr' id='par_1_9' title="bbox 157 1544 951 1619">
     <span class='ocr_line' id='line_1_16' title="bbox 157 1544 951 1619; baseline 0 -13"><span class='ocrx_word' id='word_1_93' title='bbox 157 1546 319 1619; x_wconf 84' lang='lat' dir='ltr'>Scinditur,</span> <span class='ocrx_word' id='word_1_94' title='bbox 336 1546 503 1605; x_wconf 90' lang='lat' dir='ltr'>advolvunt</span> <span class='ocrx_word' id='word_1_95' title='bbox 517 1546 655 1619; x_wconf 84' lang='lat' dir='ltr'>ingentes</span> <span class='ocrx_word' id='word_1_96' title='bbox 670 1544 823 1604; x_wconf 90' lang='lat' dir='ltr'>montibus</span> <span class='ocrx_word' id='word_1_97' title='bbox 839 1560 951 1609; x_wconf 88' lang='lat' dir='ltr'>ornos.</span> 
     </span>
    </p>

    <p class='ocr_par' dir='ltr' id='par_1_10' title="bbox 155 1630 849 1705">
     <span class='ocr_line' id='line_1_17' title="bbox 155 1630 849 1705; baseline -0.001 -16"><span class='ocrx_word' id='word_1_98' title='bbox 155 1632 218 1690; x_wconf 89' lang='lat' dir='ltr'>Nee</span> <span class='ocrx_word' id='word_1_99' title='bbox 233 1646 293 1689; x_wconf 92' lang='lat' dir='ltr'>non</span> <span class='ocrx_word' id='word_1_100' title='bbox 308 1633 431 1690; x_wconf 91' lang='lat' dir='ltr'>Aeneas</span> <span class='ocrx_word' id='word_1_101' title='bbox 447 1645 542 1705; x_wconf 89' lang='lat' dir='ltr'>opera</span> <span class='ocrx_word' id='word_1_102' title='bbox 557 1630 633 1688; x_wconf 84' lang='lat' dir='ltr'>inter</span> <span class='ocrx_word' id='word_1_103' title='bbox 647 1630 719 1688; x_wconf 86' lang='lat' dir='ltr'>talia</span> <span class='ocrx_word' id='word_1_104' title='bbox 733 1630 849 1705; x_wconf 92' lang='lat' dir='ltr'>primus</span> 
     </span>
    </p>

    <p class='ocr_par' dir='ltr' id='par_1_11' title="bbox 156 1714 935 1791">
     <span class='ocr_line' id='line_1_18' title="bbox 156 1714 935 1791; baseline 0.001 -16"><span class='ocrx_word' id='word_1_105' title='bbox 156 1717 299 1775; x_wconf 87' lang='lat' dir='ltr'>Hortatur</span> <span class='ocrx_word' id='word_1_106' title='bbox 314 1714 427 1788; x_wconf 88' lang='lat' dir='ltr'>socios,</span> <span class='ocrx_word' id='word_1_107' title='bbox 443 1714 631 1789; x_wconf 88' lang='lat' dir='ltr'>paribusque</span> <span class='ocrx_word' id='word_1_108' title='bbox 646 1714 813 1788; x_wconf 78' lang='lat' dir='ltr'>accingitur</span> <span class='ocrx_word' id='word_1_109' title='bbox 827 1715 935 1791; x_wconf 78' lang='lat' dir='ltr'>armiS,</span> 
     </span>
    </p>

    <p class='ocr_par' dir='ltr' id='par_1_12' title="bbox 156 1799 1119 2043">
     <span class='ocr_line' id='line_1_19' title="bbox 156 1799 1119 1875; baseline 0 -15"><span class='ocrx_word' id='word_1_110' title='bbox 156 1802 259 1874; x_wconf 85' lang='lat' dir='ltr'>Atque</span> <span class='ocrx_word' id='word_1_111' title='bbox 273 1799 351 1858; x_wconf 89' lang='lat' dir='ltr'>haec</span> <span class='ocrx_word' id='word_1_112' title='bbox 366 1800 434 1873; x_wconf 91' lang='lat' dir='ltr'>ipse</span> <span class='ocrx_word' id='word_1_113' title='bbox 449 1816 505 1859; x_wconf 92' lang='lat' dir='ltr'>suo</span> <span class='ocrx_word' id='word_1_114' title='bbox 520 1799 597 1858; x_wconf 88' lang='lat' dir='ltr'>tristi</span> <span class='ocrx_word' id='word_1_115' title='bbox 613 1814 682 1857; x_wconf 91' lang='lat' dir='ltr'>cum</span> <span class='ocrx_word' id='word_1_116' title='bbox 697 1799 790 1858; x_wconf 90' lang='lat' dir='ltr'>corde</span> <span class='ocrx_word' id='word_1_117' title='bbox 804 1799 935 1875; x_wconf 78' lang='lat' dir='ltr'>volutat,</span> <span class='ocrx_word' id='word_1_118' title='bbox 1081 1814 1119 1869; x_wconf 74' lang='grc'><strong>181</strong></span> 
     </span>
     <span class='ocr_line' id='line_1_20' title="bbox 157 1883 1063 1959; baseline 0.001 -15"><span class='ocrx_word' id='word_1_119' title='bbox 157 1886 352 1959; x_wconf 89' lang='lat' dir='ltr'>Adspectans</span> <span class='ocrx_word' id='word_1_120' title='bbox 369 1884 478 1942; x_wconf 89' lang='lat' dir='ltr'>silvam</span> <span class='ocrx_word' id='word_1_121' title='bbox 493 1885 679 1956; x_wconf 86' lang='lat' dir='ltr'>immensum,</span> <span class='ocrx_word' id='word_1_122' title='bbox 696 1889 726 1941; x_wconf 91' lang='lat' dir='ltr'>et</span> <span class='ocrx_word' id='word_1_123' title='bbox 740 1884 784 1942; x_wconf 93' lang='lat' dir='ltr'>sic</span> <span class='ocrx_word' id='word_1_124' title='bbox 800 1883 878 1942; x_wconf 85' lang='lat' dir='ltr'>torte</span> <span class='ocrx_word' id='word_1_125' title='bbox 892 1900 1063 1959; x_wconf 86' lang='lat' dir='ltr'>precatur.</span> 
     </span>
     <span class='ocr_line' id='line_1_21' title="bbox 157 1967 897 2043; baseline -0.001 -14"><span class='ocrx_word' id='word_1_126' title='bbox 157 1968 210 2043; x_wconf 87' lang='lat' dir='ltr'>„Si</span> <span class='ocrx_word' id='word_1_127' title='bbox 226 1985 305 2027; x_wconf 90' lang='lat' dir='ltr'>nunc</span> <span class='ocrx_word' id='word_1_128' title='bbox 321 1984 356 2027; x_wconf 91' lang='lat' dir='ltr'>se</span> <span class='ocrx_word' id='word_1_129' title='bbox 370 1967 460 2027; x_wconf 93' lang='lat' dir='ltr'>nobis</span> <span class='ocrx_word' id='word_1_130' title='bbox 475 1968 525 2026; x_wconf 93' lang='lat' dir='ltr'>ille</span> <span class='ocrx_word' id='word_1_131' title='bbox 540 1984 652 2027; x_wconf 86' lang='lat' dir='ltr'>aureus</span> <span class='ocrx_word' id='word_1_132' title='bbox 670 1967 780 2026; x_wconf 87' lang='lat' dir='ltr'>arbore</span> <span class='ocrx_word' id='word_1_133' title='bbox 794 1983 897 2027; x_wconf 90' lang='lat' dir='ltr'>ramus</span> 
     </span>
    </p>

    <p class='ocr_par' dir='ltr' id='par_1_13' title="bbox 157 2052 986 2128">
     <span class='ocr_line' id='line_1_22' title="bbox 157 2052 986 2128; baseline 0.006 -16"><span class='ocrx_word' id='word_1_134' title='bbox 157 2053 325 2128; x_wconf 86' lang='lat' dir='ltr'>„Ostendat</span> <span class='ocrx_word' id='word_1_135' title='bbox 339 2067 463 2110; x_wconf 88' lang='lat' dir='ltr'>nemore</span> <span class='ocrx_word' id='word_1_136' title='bbox 478 2052 508 2110; x_wconf 93' lang='lat' dir='ltr'>in</span> <span class='ocrx_word' id='word_1_137' title='bbox 522 2058 622 2110; x_wconf 86' lang='lat' dir='ltr'>tanto:</span> <span class='ocrx_word' id='word_1_138' title='bbox 646 2052 769 2128; x_wconf 88' lang='lat' dir='ltr'>quando</span> <span class='ocrx_word' id='word_1_139' title='bbox 787 2052 888 2111; x_wconf 91' lang='lat' dir='ltr'>omnia</span> <span class='ocrx_word' id='word_1_140' title='bbox 904 2071 986 2117; x_wconf 88' lang='lat' dir='ltr'>vere</span> 
     </span>
    </p>

    <p class='ocr_par' dir='ltr' id='par_1_14' title="bbox 157 2135 950 2212">
     <span class='ocr_line' id='line_1_23' title="bbox 157 2135 950 2212; baseline 0.001 -16"><span class='ocrx_word' id='word_1_141' title='bbox 157 2138 243 2212; x_wconf 87' lang='lat' dir='ltr'>„Heu</span> <span class='ocrx_word' id='word_1_142' title='bbox 258 2137 382 2196; x_wconf 91' lang='lat' dir='ltr'>nimium</span> <span class='ocrx_word' id='word_1_143' title='bbox 397 2136 480 2195; x_wconf 90' lang='lat' dir='ltr'>dete</span> <span class='ocrx_word' id='word_1_144' title='bbox 494 2142 591 2209; x_wconf 88' lang='lat' dir='ltr'>vates,</span> <span class='ocrx_word' id='word_1_145' title='bbox 607 2135 734 2210; x_wconf 88' lang='lat' dir='ltr'>Misene,</span> <span class='ocrx_word' id='word_1_146' title='bbox 750 2137 852 2195; x_wconf 91' lang='lat' dir='ltr'>locuta</span> <span class='ocrx_word' id='word_1_147' title='bbox 867 2146 950 2197; x_wconf 83' lang='lat' dir='ltr'>est·“</span> 
     </span>
    </p>

    <p class='ocr_par' dir='ltr' id='par_1_15' title="bbox 156 2221 1118 2379">
     <span class='ocr_line' id='line_1_24' title="bbox 156 2221 1118 2295; baseline 0.009 -16"><span class='ocrx_word' id='word_1_148' title='bbox 156 2223 217 2279; x_wconf 86' lang='lat' dir='ltr'>Vix</span> <span class='ocrx_word' id='word_1_149' title='bbox 232 2236 269 2280; x_wconf 90' lang='lat' dir='ltr'>ca</span> <span class='ocrx_word' id='word_1_150' title='bbox 283 2221 362 2281; x_wconf 86' lang='lat' dir='ltr'>latus</span> <span class='ocrx_word' id='word_1_151' title='bbox 378 2226 451 2294; x_wconf 86' lang='lat' dir='ltr'>erat,</span> <span class='ocrx_word' id='word_1_152' title='bbox 467 2221 606 2294; x_wconf 82' lang='lat' dir='ltr'>geminae</span> <span class='ocrx_word' id='word_1_153' title='bbox 621 2237 714 2295; x_wconf 93' lang='lat' dir='ltr'>quum</span> <span class='ocrx_word' id='word_1_154' title='bbox 729 2221 807 2279; x_wconf 83' lang='lat' dir='ltr'>forte</span> <span class='ocrx_word' id='word_1_155' title='bbox 822 2221 994 2287; x_wconf 90' lang='lat' dir='ltr'>columbae</span> <span class='ocrx_word' id='word_1_156' title='bbox 1079 2239 1118 2294; x_wconf 77' lang='lat' dir='ltr'>tto</span> 
     </span>
     <span class='ocr_line' id='line_1_25' title="bbox 156 2305 836 2379; baseline 0.001 -16"><span class='ocrx_word' id='word_1_157' title='bbox 156 2306 229 2379; x_wconf 88' lang='lat' dir='ltr'>ipsa</span> <span class='ocrx_word' id='word_1_158' title='bbox 243 2305 300 2365; x_wconf 92' lang='lat' dir='ltr'>sub</span> <span class='ocrx_word' id='word_1_159' title='bbox 316 2320 371 2364; x_wconf 92' lang='lat' dir='ltr'>ora</span> <span class='ocrx_word' id='word_1_160' title='bbox 385 2305 440 2364; x_wconf 86' lang='lat' dir='ltr'>viri</span> <span class='ocrx_word' id='word_1_161' title='bbox 457 2306 544 2365; x_wconf 87' lang='lat' dir='ltr'>coelo</span> <span class='ocrx_word' id='word_1_162' title='bbox 559 2319 673 2364; x_wconf 84' lang='lat' dir='ltr'>venere</span> <span class='ocrx_word' id='word_1_163' title='bbox 687 2306 836 2379; x_wconf 70' lang='lat' dir='ltr'>volantes</span> 
     </span>
    </p>

    <p class='ocr_par' dir='ltr' id='par_1_16' title="bbox 155 2389 888 2450">
     <span class='ocr_line' id='line_1_26' title="bbox 155 2389 888 2450; baseline 0.001 -3"><span class='ocrx_word' id='word_1_164' title='bbox 155 2390 193 2447; x_wconf 89' lang='lat' dir='ltr'>Et</span> <span class='ocrx_word' id='word_1_165' title='bbox 206 2389 296 2447; x_wconf 87' lang='lat' dir='ltr'>viridi</span> <span class='ocrx_word' id='word_1_166' title='bbox 311 2390 420 2448; x_wconf 91' lang='lat' dir='ltr'>sedere</span> <span class='ocrx_word' id='word_1_167' title='bbox 435 2390 513 2449; x_wconf 89' lang='lat' dir='ltr'>solo.</span> <span class='ocrx_word' id='word_1_168' title='bbox 542 2392 616 2450; x_wconf 86' lang='lat' dir='ltr'>Turn</span> <span class='ocrx_word' id='word_1_169' title='bbox 630 2390 780 2448; x_wconf 81' lang='lat' dir='ltr'>maximus</span> <span class='ocrx_word' id='word_1_170' title='bbox 795 2389 888 2448; x_wconf 91' lang='lat' dir='ltr'>heros</span> 
     </span>
    </p>

    <p class='ocr_par' dir='ltr' id='par_1_17' title="bbox 155 2472 912 2549">
     <span class='ocr_line' id='line_1_27' title="bbox 155 2472 912 2549; baseline 0 -18"><span class='ocrx_word' id='word_1_171' title='bbox 155 2472 309 2531; x_wconf 83' lang='lat' dir='ltr'>Maternus</span> <span class='ocrx_word' id='word_1_172' title='bbox 324 2474 464 2547; x_wconf 83' lang='lat' dir='ltr'>agnoscit</span> <span class='ocrx_word' id='word_1_173' title='bbox 478 2489 562 2547; x_wconf 88' lang='lat' dir='ltr'>aves,</span> <span class='ocrx_word' id='word_1_174' title='bbox 578 2475 737 2549; x_wconf 85' lang='lat' dir='ltr'>laetusque</span> <span class='ocrx_word' id='word_1_175' title='bbox 753 2479 912 2549; x_wconf 86' lang='lat' dir='ltr'>precatur:</span> 
     </span>
    </p>

    <p class='ocr_par' dir='ltr' id='par_1_18' title="bbox 155 2556 1116 2887">
     <span class='ocr_line' id='line_1_28' title="bbox 155 2556 1061 2633; baseline 0.007 -19"><span class='ocrx_word' id='word_1_176' title='bbox 155 2556 248 2632; x_wconf 89' lang='lat' dir='ltr'>„Este</span> <span class='ocrx_word' id='word_1_177' title='bbox 263 2557 367 2631; x_wconf 91' lang='lat' dir='ltr'>duces,</span> <span class='ocrx_word' id='word_1_178' title='bbox 385 2574 412 2631; x_wconf 94' lang='lat' dir='ltr'>o,</span> <span class='ocrx_word' id='word_1_179' title='bbox 429 2558 455 2617; x_wconf 90' lang='lat' dir='ltr'>si</span> <span class='ocrx_word' id='word_1_180' title='bbox 471 2574 532 2632; x_wconf 91' lang='lat' dir='ltr'>qua</span> <span class='ocrx_word' id='word_1_181' title='bbox 546 2559 595 2616; x_wconf 84' lang='lat' dir='ltr'>via</span> <span class='ocrx_word' id='word_1_182' title='bbox 610 2566 665 2631; x_wconf 91' lang='lat' dir='ltr'>est,</span> <span class='ocrx_word' id='word_1_183' title='bbox 681 2574 866 2632; x_wconf 86' lang='lat' dir='ltr'>cursumque</span> <span class='ocrx_word' id='word_1_184' title='bbox 881 2575 942 2633; x_wconf 91' lang='lat' dir='ltr'>per</span> <span class='ocrx_word' id='word_1_185' title='bbox 958 2580 1061 2629; x_wconf 75' lang='lat' dir='ltr'>auras</span> 
     </span>
     <span class='ocr_line' id='line_1_29' title="bbox 156 2639 1116 2718; baseline 0.005 -20"><span class='ocrx_word' id='word_1_186' title='bbox 156 2639 301 2715; x_wconf 84' lang='lat' dir='ltr'>„Dirigite</span> <span class='ocrx_word' id='word_1_187' title='bbox 316 2640 346 2699; x_wconf 89' lang='lat' dir='ltr'>in</span> <span class='ocrx_word' id='word_1_188' title='bbox 360 2643 457 2715; x_wconf 90' lang='lat' dir='ltr'>lucos,</span> <span class='ocrx_word' id='word_1_189' title='bbox 473 2641 524 2701; x_wconf 92' lang='lat' dir='ltr'>ubi</span> <span class='ocrx_word' id='word_1_190' title='bbox 539 2642 684 2717; x_wconf 84' lang='lat' dir='ltr'>pinguem</span> <span class='ocrx_word' id='word_1_191' title='bbox 700 2642 787 2701; x_wconf 81' lang='lat' dir='ltr'>dives</span> <span class='ocrx_word' id='word_1_192' title='bbox 804 2650 916 2718; x_wconf 88' lang='lat' dir='ltr'>opacat</span> <span class='ocrx_word' id='word_1_193' title='bbox 1078 2661 1116 2715; x_wconf 75' lang='grc'>111</span> 
     </span>
     <span class='ocr_line' id='line_1_30' title="bbox 155 2724 1044 2811; baseline 0.01 -27"><span class='ocrx_word' id='word_1_194' title='bbox 155 2726 288 2799; x_wconf 84' lang='lat' dir='ltr'>„Ranrus</span> <span class='ocrx_word' id='word_1_195' title='bbox 304 2724 436 2784; x_wconf 90' lang='lat' dir='ltr'>humum.</span> <span class='ocrx_word' id='word_1_196' title='bbox 464 2725 579 2801; x_wconf 88' lang='lat' dir='ltr'>Tuque,</span> <span class='ocrx_word' id='word_1_197' title='bbox 596 2741 623 2798; x_wconf 90' lang='lat'>0,</span> <span class='ocrx_word' id='word_1_198' title='bbox 640 2725 742 2786; x_wconf 93' lang='lat' dir='ltr'>dubiis</span> <span class='ocrx_word' id='word_1_199' title='bbox 758 2742 796 2784; x_wconf 90' lang='lat' dir='ltr'>ne</span> <span class='ocrx_word' id='word_1_200' title='bbox 811 2726 912 2786; x_wconf 87' lang='lat' dir='ltr'>defice</span> <span class='ocrx_word' id='word_1_201' title='bbox 928 2732 1044 2811; x_wconf 84' lang='lat' dir='ltr'>rebus,</span> 
     </span>
     <span class='ocr_line' id='line_1_31' title="bbox 156 2809 910 2887; baseline 0.004 -20"><span class='ocrx_word' id='word_1_202' title='bbox 156 2809 254 2884; x_wconf 75' lang='lat' dir='ltr'>„Dira</span> <span class='ocrx_word' id='word_1_203' title='bbox 268 2814 423 2885; x_wconf 86' lang='lat' dir='ltr'>parenst“</span> <span class='ocrx_word' id='word_1_204' title='bbox 452 2810 504 2869; x_wconf 89' lang='lat' dir='ltr'>Sic</span> <span class='ocrx_word' id='word_1_205' title='bbox 519 2809 628 2869; x_wconf 81' lang='lat' dir='ltr'>effatus</span> <span class='ocrx_word' id='word_1_206' title='bbox 643 2812 773 2885; x_wconf 82' lang='lat' dir='ltr'>vestigia</span> <span class='ocrx_word' id='word_1_207' title='bbox 788 2812 910 2887; x_wconf 89' lang='lat' dir='ltr'>pressit,</span> 
     </span>
    </p>

    <p class='ocr_par' dir='ltr' id='par_1_19' title="bbox 157 2893 1053 2977">
     <span class='ocr_line' id='line_1_32' title="bbox 157 2893 1053 2977; baseline 0.016 -24"><span class='ocrx_word' id='word_1_208' title='bbox 157 2893 341 2968; x_wconf 87' lang='lat' dir='ltr'>Observans,</span> <span class='ocrx_word' id='word_1_209' title='bbox 358 2909 438 2967; x_wconf 91' lang='lat' dir='ltr'>quae</span> <span class='ocrx_word' id='word_1_210' title='bbox 453 2895 541 2969; x_wconf 81' lang='lat' dir='ltr'>signa</span> <span class='ocrx_word' id='word_1_211' title='bbox 555 2896 660 2969; x_wconf 87' lang='lat' dir='ltr'>serant,</span> <span class='ocrx_word' id='word_1_212' title='bbox 678 2910 738 2969; x_wconf 91' lang='lat' dir='ltr'>quo</span> <span class='ocrx_word' id='word_1_213' title='bbox 754 2895 881 2954; x_wconf 88' lang='lat' dir='ltr'>tendere</span> <span class='ocrx_word' id='word_1_214' title='bbox 897 2914 1053 2977; x_wconf 80' lang='lat' dir='ltr'>pergant.</span> 
     </span>
    </p>
   </div>
   <div class='ocr_carea' id='block_1_3' title="bbox 153 2977 1119 3477">
    <p class='ocr_par' dir='ltr' id='par_1_20' title="bbox 155 2977 832 3054">
     <span class='ocr_line' id='line_1_33' title="bbox 155 2977 832 3054; baseline 0 -17"><span class='ocrx_word' id='word_1_215' title='bbox 155 2977 319 3037; x_wconf 89' lang='lat' dir='ltr'>Pascentes</span> <span class='ocrx_word' id='word_1_216' title='bbox 336 2978 405 3038; x_wconf 89' lang='lat' dir='ltr'>illae</span> <span class='ocrx_word' id='word_1_217' title='bbox 419 2986 534 3039; x_wconf 90' lang='lat' dir='ltr'>tantum</span> <span class='ocrx_word' id='word_1_218' title='bbox 550 2980 675 3054; x_wconf 90' lang='lat' dir='ltr'>prodire</span> <span class='ocrx_word' id='word_1_219' title='bbox 688 2979 832 3052; x_wconf 86' lang='lat' dir='ltr'>volando,</span> 
     </span>
    </p>

    <p class='ocr_par' dir='ltr' id='par_1_21' title="bbox 154 3063 1119 3228">
     <span class='ocr_line' id='line_1_34' title="bbox 156 3063 1119 3138; baseline 0.007 -16"><span class='ocrx_word' id='word_1_220' title='bbox 156 3063 306 3136; x_wconf 80' lang='lat' dir='ltr'>Quantum</span> <span class='ocrx_word' id='word_1_221' title='bbox 321 3064 386 3122; x_wconf 91' lang='lat' dir='ltr'>acie</span> <span class='ocrx_word' id='word_1_222' title='bbox 401 3072 531 3138; x_wconf 90' lang='lat' dir='ltr'>possent</span> <span class='ocrx_word' id='word_1_223' title='bbox 545 3066 625 3123; x_wconf 92' lang='lat' dir='ltr'>oculi</span> <span class='ocrx_word' id='word_1_224' title='bbox 641 3079 765 3125; x_wconf 88' lang='lat' dir='ltr'>servare</span> <span class='ocrx_word' id='word_1_225' title='bbox 780 3073 981 3137; x_wconf 90' lang='lat' dir='ltr'>sequentum.</span> <span class='ocrx_word' id='word_1_226' title='bbox 1077 3082 1119 3135; x_wconf 75' lang='lat' dir='ltr'>nuo</span> 
     </span>
     <span class='ocr_line' id='line_1_35' title="bbox 154 3146 966 3228; baseline 0.009 -23"><span class='ocrx_word' id='word_1_227' title='bbox 154 3148 230 3206; x_wconf 91' lang='lat' dir='ltr'>lnde</span> <span class='ocrx_word' id='word_1_228' title='bbox 245 3146 296 3207; x_wconf 92' lang='lat' dir='ltr'>ubi</span> <span class='ocrx_word' id='word_1_229' title='bbox 311 3163 424 3207; x_wconf 85' lang='lat' dir='ltr'>venere</span> <span class='ocrx_word' id='word_1_230' title='bbox 436 3149 476 3207; x_wconf 90' lang='lat' dir='ltr'>ad</span> <span class='ocrx_word' id='word_1_231' title='bbox 491 3150 595 3208; x_wconf 85' lang='lat' dir='ltr'>lauces</span> <span class='ocrx_word' id='word_1_232' title='bbox 611 3149 817 3223; x_wconf 84' lang='lat' dir='ltr'>graveolentis</span> <span class='ocrx_word' id='word_1_233' title='bbox 832 3151 966 3228; x_wconf 80' lang='lat' dir='ltr'>Averni,</span> 
     </span>
    </p>

    <p class='ocr_par' dir='ltr' id='par_1_22' title="bbox 155 3231 984 3393">
     <span class='ocr_line' id='line_1_36' title="bbox 155 3231 984 3309; baseline 0.006 -21"><span class='ocrx_word' id='word_1_234' title='bbox 155 3231 276 3290; x_wconf 89' lang='lat' dir='ltr'>Tollunt</span> <span class='ocrx_word' id='word_1_235' title='bbox 290 3247 324 3291; x_wconf 90' lang='lat' dir='ltr'>se</span> <span class='ocrx_word' id='word_1_236' title='bbox 340 3233 467 3307; x_wconf 86' lang='lat' dir='ltr'>celeres,</span> <span class='ocrx_word' id='word_1_237' title='bbox 482 3233 692 3307; x_wconf 88' lang='lat' dir='ltr'>liquidumque</span> <span class='ocrx_word' id='word_1_238' title='bbox 708 3249 763 3308; x_wconf 93' lang='lat' dir='ltr'>per</span> <span class='ocrx_word' id='word_1_239' title='bbox 778 3236 850 3290; x_wconf 74' lang='lat' dir='ltr'>acra</span> <span class='ocrx_word' id='word_1_240' title='bbox 864 3232 984 3309; x_wconf 80' lang='lat' dir='ltr'>lapsae</span> 
     </span>
     <span class='ocr_line' id='line_1_37' title="bbox 156 3312 916 3393; baseline 0.007 -20"><span class='ocrx_word' id='word_1_241' title='bbox 156 3312 288 3374; x_wconf 87' lang='lat' dir='ltr'>Sedibus</span> <span class='ocrx_word' id='word_1_242' title='bbox 306 3317 416 3390; x_wconf 89' lang='lat' dir='ltr'>optatis</span> <span class='ocrx_word' id='word_1_243' title='bbox 431 3317 552 3392; x_wconf 86' lang='lat' dir='ltr'>gemina</span> <span class='ocrx_word' id='word_1_244' title='bbox 567 3332 661 3391; x_wconf 89' lang='lat' dir='ltr'>super</span> <span class='ocrx_word' id='word_1_245' title='bbox 675 3318 785 3376; x_wconf 91' lang='lat' dir='ltr'>arbore</span> <span class='ocrx_word' id='word_1_246' title='bbox 801 3316 916 3393; x_wconf 90' lang='lat' dir='ltr'>sidunt,</span> 
     </span>
    </p>

    <p class='ocr_par' dir='ltr' id='par_1_23' title="bbox 153 3398 893 3477">
     <span class='ocr_line' id='line_1_38' title="bbox 153 3398 893 3477; baseline 0 -17"><span class='ocrx_word' id='word_1_247' title='bbox 153 3398 297 3461; x_wconf 89' lang='lat' dir='ltr'>Discolor</span> <span class='ocrx_word' id='word_1_248' title='bbox 311 3401 394 3461; x_wconf 90' lang='lat' dir='ltr'>unde</span> <span class='ocrx_word' id='word_1_249' title='bbox 408 3402 475 3461; x_wconf 86' lang='lat' dir='ltr'>auri</span> <span class='ocrx_word' id='word_1_250' title='bbox 488 3417 543 3477; x_wconf 90' lang='lat' dir='ltr'>per</span> <span class='ocrx_word' id='word_1_251' title='bbox 556 3416 660 3461; x_wconf 88' lang='lat' dir='ltr'>ramos</span> <span class='ocrx_word' id='word_1_252' title='bbox 675 3417 749 3460; x_wconf 87' lang='lat' dir='ltr'>aura</span> <span class='ocrx_word' id='word_1_253' title='bbox 763 3401 893 3460; x_wconf 78' lang='lat' dir='ltr'>refulsit.</span> 
     </span>
    </p>
   </div>
   <div class='ocr_carea' id='block_1_4' title="bbox 59 3483 869 3586">
    <p class='ocr_par' dir='ltr' id='par_1_24' title="bbox 59 3483 869 3586">
     <span class='ocr_line' id='line_1_39' title="bbox 59 3483 869 3586; baseline -0.02 -35"><span class='ocrx_word' id='word_1_254' title='bbox 59 3525 73 3586; x_wconf 35' lang='grc' dir='ltr'>ᾗ</span> <span class='ocrx_word' id='word_1_255' title='bbox 149 3486 248 3565; x_wconf 82' lang='lat' dir='ltr'>Qtruic</span> <span class='ocrx_word' id='word_1_256' title='bbox 265 3489 350 3552; x_wconf 89' lang='lat' dir='ltr'>solet</span> <span class='ocrx_word' id='word_1_257' title='bbox 366 3489 457 3552; x_wconf 71' lang='lat' dir='ltr'>siluis</span> <span class='ocrx_word' id='word_1_258' title='bbox 468 3485 606 3549; x_wconf 82' lang='lat' dir='ltr'>brumali</span> <span class='ocrx_word' id='word_1_259' title='bbox 617 3483 869 3558; x_wconf 63' lang='lat' dir='ltr'>trigoreu&#39;xscum</span> 
     </span>
    </p>
   </div>
   <div class='ocr_carea' id='block_1_5' title="bbox 0 0 1168 3780">
    <p class='ocr_par' dir='ltr' id='par_1_25' title="bbox 0 0 1168 3780">
     <span class='ocr_line' id='line_1_40' title="bbox 0 0 1168 3780; baseline 0 0"><span class='ocrx_word' id='word_1_260' title='bbox 0 0 1168 3780; x_wconf 95' lang='lat' dir='ltr'> </span> 
     </span>
    </p>
   </div>
  </div>
 </body>
</html>
