2326 3780
440 142 634 204 AENEIDOS
654 143 728 202 LlB.
743 144 780 202 11.
1030 142 1092 207 109
1142 158 1145 165 ’

132 295 282 372 „Effugia
297 303 327 356 et
341 297 462 372 eulpam
476 295 555 355 hanc
569 295 751 356 miserorum
765 301 863 355 morte
875 295 1012 371 piabunt.
1040 306 1092 360 14⁰

132 380 242 456 „Quod
256 389 286 440 te
300 396 357 457 per
371 395 503 457 superos
518 387 548 439 et
563 380 689 440 conscia
703 379 827 440 numina
841 380 917 454 veri,

132 464 218 540 „Per,
234 465 261 525 si
277 471 409 540 quaest,
425 479 504 539 quae
518 470 612 523 restet
600 464 726 523 tadhuc
741 462 919 525 mortalibus
936 481 1074 540 usquam

133 549 333 623 „Intemerata
346 549 435 647 fides,
452 564 517 623 oro,
532 548 678 607 miserere
692 547 833 608 laborum

131 633 328 706 ‚;Tantorum
350 633 495 693 miserere
510 632 602 691 animi
617 647 677 692 non
694 632 787 707 digna
801 630 937 690 terentis.
939 635 958 665 “

132 679 187 776 ills
202 717 333 777 lacrimis
347 718 441 777 vitam
456 716 575 789 damus,
592 722 622 775 et
635 716 862 776 miserescimus
877 716 1088 780 51115115

132 802 203 875 lpse
217 801 283 860 viro
299 800 414 877 primus
430 801 564 860 manicas
580 809 672 874 atque
687 806 753 859 arla
767 800 863 860 levari

131 887 240 945 Vincla
252 885 335 945 iubet
347 885 493 957 Priamus,
510 884 660 960 dictisque
674 885 717 944 ita
731 886 810 944 latur
823 884 946 944 suricis:
967 911 970 921 =

130 969 295 1044 „Quisquis
310 985 354 1043 es,
370 970 504 1029 amissos
519 969 590 1029 hine
604 969 665 1028 iam
679 968 863 1029 obliviscere
877 969 1002 1030 Gmi0s=

130 1054 259 1128 „Noster
274 1054 344 1125 5115,
360 1053 495 1128 mihique
509 1053 586 1113 haec
602 1054 741 1114 edissem¹
754 1068 830 1112 vera
843 1053 973 1128 roganti.
1036 1061 1088 1117 149

128 1137 214 1212 „Quo
230 1139 343 1198 molem
356 1138 436 1219 hanc
450 1138 589 1197 immanis
605 1138 676 1212 equi
690 1143 846 1198 statueret
873 1137 943 1212 quis
961 1145 1087 1198 auctor?

127 1222 1084 1379 511511111151111111151151111111ῗόι

255 1347 262 1362 .
341 1346 360 1378 „
505 1322 568 1364 su

130 1387 257 1447 Sustulit
270 1394 379 1447 exutas
393 1389 502 1447 vinclis
517 1388 558 1448 ad
572 1389 675 1448 sidera
688 1389 825 1464 palmam
864 1323 884 1382 g

129 1472 225 1545 „Vos
241 1470 355 1530 aeterni
370 1471 466 1546 ignes,
481 1478 511 1530 et
524 1487 585 1530 non
599 1471 743 1531 violabile
757 1480 893 1534 vestrum

128 1554 256 1630 „Testor
269 1558 400 1613 numen“
415 1555 465 1628 ait„
480 1570 567 1628 „vos,
583 1570 655 1613 arae
668 1570 824 1628 ensesque
838 1556 971 1630 nefandi,
1033 1568 1084 1621 155

127 1636 232 1714 „Quos
249 1638 320 1712 l‚ugi
336 1639 489 1713 vittaeque
504 1639 604 1712 deum,
620 1654 697 1712 quas
712 1638 814 1697 hostia
826 1640 926 1714 gessi:

127 1721 206 1798 „Fas
222 1722 294 1780 mihi
310 1721 467 1781 Graiorum
482 1729 602 1782 sacrata
615 1721 793 1780 resolvere
785 1738 860 1797 lura„

126 1768 207 1882 :Fas
223 1806 328 1866 odisse
343 1806 426 1865 viros
442 1813 532 1881 atque
547 1807 648 1866 omnia
662 1806 742 1865 lerre
756 1804 813 1866 sub
829 1821 928 1880 auras,

125 1852 180 1966 „si
197 1906 258 1964 qua
271 1897 383 1965 tegunt,
399 1897 506 1950 teneor
518 1890 635 1965 patriae
649 1905 707 1949 uec
721 1880 841 1964 legibus
855 1889 935 1948 ullis.

125 1974 189 2050 „Tu
203 1975 297 2035 modo
311 1975 473 2049 promissis
488 1990 623 2047 maneas,
640 1980 825 2049 servataque
839 1988 955 2048 serves,
991 2016 994 2021 -
1031 1983 1082 2038 16⁰

125 2058 243 2134 „Troia
258 2058 361 2133 tidem,
377 2058 404 2118 si
418 2074 493 2118 vera
507 2060 611 2134 leram,
627 2059 655 2119 si
669 2074 780 2134 magna
794 2057 972 2133 rependam.
986 2089 1029 2103 --

124 2140 250 2218 „Omnis
266 2158 339 2218 spes
354 2142 493 2202 Dauadm
507 2151 537 2202 et
551 2143 652 2218 coepti
667 2143 781 2202 fiducia
794 2141 866 2201 belli
946 2148 950 2155 ·

124 2225 277 2301 „Palladis
291 2226 412 2287 auxiliis
428 2242 550 2303 semper
564 2227 653 2288 stetit.
688 2227 802 2302 Impius
817 2242 856 2286 ex
872 2242 934 2302 quo

124 2310 280 2386 „Tydides
296 2311 352 2370 sed
366 2311 446 2370 enim
461 2311 672 2387 scelerumque
686 2312 826 2370 inventor
839 2311 954 2386 Ulixes,

122 2393 247 2471 „Fatale
263 2395 401 2470 aggressi
416 2403 536 2455 sacrato
551 2396 684 2455 avellere
699 2396 812 2470 templo
1030 2404 1081 2458 165

122 2477 319 2555 „Palladium
335 2479 435 2539 caesis
451 2494 587 2539 summae
601 2479 780 2541 custodibus
794 2479 884 2554 arcis,

123 2561 325 2639 „corripuere
339 2579 459 2623 sacram
473 2564 614 2639 effigiem,
631 2563 834 2637 manibusque
848 2563 981 2625 ementis

121 2646 306 2723 „Virgineus
321 2648 388 2708 ausi
405 2648 495 2707 divae
510 2649 686 2722 contingere
699 2648 806 2717 vittam

122 2730 190 2806 „Ex
203 2731 255 2790 illo
271 2729 367 2791 fluere
382 2746 419 2791 ac
433 2739 514 2792 retro
529 2732 678 2808 sublapsa
691 2731 798 2791 reiem‘

121 2813 224 2891 „Spes
238 2815 386 2891 Danaam,
402 2817 516 2877 fractae
528 2818 620 2891 vires,
637 2831 748 2876 aversa
763 2815 841 2875 deae
854 2831 951 2876 meus.
1027 2823 1080 2879 llo

123 2898 205 2973 „Nee
219 2898 321 2960 dubiis
336 2915 373 2960 55
388 2901 476 2976 signa
490 2901 576 2961 dedit
587 2900 721 2960 Tritonia
734 2900 895 2960 monstrisz

122 2981 203 3057 „Vix
217 2984 349 3058 positum
364 2986 472 3046 castris
488 2985 697 3056 simulacrum3
721 2999 825 3044 arsere
839 2997 988 3043 coruscae

122 3065 318 3140 „Luminibus
333 3067 474 3130 flammae
489 3069 624 3144 arrectis,
641 3070 806 3144 salsusque
820 3073 973 3143 peractus

121 3148 245 3223 „Sudor
258 3151 300 3227 iit,
315 3159 422 3229 terque
436 3154 506 3230 ipsa
520 3153 740 3215 solo-mirabile
755 3153 851 3212 dictu-

121 3232 278 3310 „Emicuit
293 3252 491 3313 parmamque
505 3238 607 3298 151515
622 3238 803 3311 hastamque
816 3243 1004 3299 trementem.
1026 3247 1079 3305 175
1146 3276 1149 3280 ι

121 3315 300 3395 ‚AExtemplo
315 3322 459 3381 tentanda
473 3323 545 3397 tuga
560 3322 640 3381 canit
654 3337 791 3396 aequora
806 3319 944 3395 Calchas,

119 3398 204 3478 „Nec
216 3419 312 3479 posse
325 3405 477 3481 Argolicis
492 3405 632 3467 exscindi
645 3404 794 3479 Pergama
807 3404 888 3479 telis,
