2326 3780
342 109 562 173 GEORGICON
582 112 656 173 LlB.
671 114 721 173 ΙΙΙ.
967 111 1007 175 61

54 264 228 328 Frondibus
243 263 368 325 hirsutis
384 271 415 325 et
428 265 529 325 carice
542 273 649 341 pastus
665 273 764 339 acuta,

55 352 94 411 m
106 355 200 410 tentat
214 363 295 425 sese,
310 355 402 424 atque
415 348 507 411 irasci
522 350 552 408 in
567 365 684 413 cornua
698 350 788 410 discit

56 434 186 495 Arboris
201 432 333 493 obnixus
345 439 462 507 cunco,
477 440 649 509 ventosque
663 432 787 495 lacessit
884 442 888 453 ’

56 519 171 578 lctibus
186 524 216 579 et
229 532 340 595 sparsa
353 517 394 579 ad
408 533 542 594 pugnam
554 518 689 594 proludit
703 534 807 591 arena..

57 603 140 675 Post,
155 598 800 679 ubicollectumroburviresquereleclee‚
958 610 1008 664 235

59 687 155 761 Signa
168 691 271 747 movet
282 701 496 763 praecepsque
510 687 635 749 oblitum
648 688 742 749 lertm
755 687 788 745 in
800 685 936 747 hostem:

59 771 181 831 Fluctus
195 769 238 830 uti
251 769 353 831 medio
368 771 470 847 coepit
485 788 577 847 quum
591 770 748 834 albescere
761 778 866 847 ponto,

59 853 194 930 Longius
209 870 249 915 ex
262 854 386 932 altoque
400 855 499 915 sinum
512 855 611 928 trahit,
625 862 728 931 utque,
743 855 865 915 volutus

58 940 110 999 Ad
123 945 230 1013 terras,
244 939 376 1001 immane
390 947 480 999 sonat
493 956 549 1015 per
562 956 648 1015 saxa,
663 955 765 1014 neque
778 939 848 1015 ipso

57 1024 161 1083 Monte
175 1022 275 1085 minor
287 1023 473 1101 procumbit;
496 1030 527 1084 at
541 1024 602 1083 ime
616 1029 774 1086 exaestuat
786 1022 870 1083 unde
958 1029 1010 1081 240

57 1106 241 1182 Vorticibus,
257 1107 436 1185 nigramque
449 1110 509 1168 alte
524 1108 683 1170 subvectat
696 1123 829 1169 menum.

102 1190 198 1252 Omne
217 1190 298 1255 adeo
317 1207 415 1267 genus
430 1191 562 1253 interris
577 1192 793 1269 hominumque
808 1191 1008 1264 ferarumque,

57 1275 96 1335 Et
109 1292 207 1351 genus
222 1291 418 1351 aequoreum,
433 1277 570 1352 pecudes
584 1277 747 1352 pictaeque
760 1275 912 1348 volucres,

58 1360 94 1418 ln
109 1361 203 1423 furias
216 1360 380 1439 ignemque
392 1366 496 1420 ruunt=
519 1376 605 1421 amor
619 1359 760 1421 omnibus
774 1358 865 1419 idom.

43 1444 210 1527 „Tempore
222 1458 284 1505 non
299 1444 359 1505 aiio
374 1445 541 1505 catulorum
556 1443 649 1503 oblita
662 1444 770 1503 leaena
959 1450 1010 1505 ute

62 1527 191 1588 Saevior
205 1528 316 1588 erravit
330 1527 456 1605 campis,
471 1543 529 1589 uec
542 1528 649 1589 lunera
662 1528 756 1602 vulgo

60 1611 135 1671 Tum
149 1613 240 1672 multa
254 1612 399 1675 informes
413 1612 479 1673 ursi
492 1618 687 1687 stragemque
702 1611 816 1671 dedere

61 1694 120 1753 Per
133 1695 242 1769 silvam
262 1703 326 1757 tum
339 1712 453 1758 saevus
467 1711 552 1772 aper,
566 1702 629 1757 tum
643 1695 780 1772 pessima
792 1694 894 1770 tigris:

61 1779 138 1854 Heu,
152 1780 231 1840 male
244 1788 307 1843 uum
320 1780 437 1858 Libyae
451 1781 528 1843 solis
542 1787 659 1843 erratur
672 1780 703 1841 in
717 1778 810 1854 agris.

60 1862 168 1925 Nonne
182 1863 280 1941 vides,
294 1872 328 1926 ut
341 1872 405 1926 tota
418 1871 531 1927 tremor
543 1870 693 1941 pertentet
706 1878 854 1939 equorum
960 1870 1012 1925 250

63 1948 207 2025 corpore,
222 1949 250 2010 ei
263 1954 379 2010 lantum
392 1957 483 2011 notas
497 1950 575 2010 odor
588 1948 685 2009 attulit
697 1955 811 2011 auras?

59 2035 108 2093 Ac
122 2048 225 2109 neque
238 2048 293 2094 eos
308 2034 369 2093 iam
382 2033 468 2094 irene
481 2034 581 2095 virum
594 2048 695 2108 neque
709 2031 838 2093 verbera
852 2047 955 2102 saeve,

59 2116 127 2177 Non
143 2117 263 2193 scopuli
274 2131 432 2194 rupesque
445 2133 541 2178 cavae
556 2124 648 2192 atque
662 2116 782 2177 obiecta
797 2116 950 2177 retardent

59 2199 207 2274 Flumine,
222 2208 443 2278 correptosque
456 2202 539 2263 undo
552 2200 726 2276 torquentia
738 2207 867 2260 montes.

59 2286 133 2360 lpse
146 2285 207 2345 ruit
222 2284 391 2361 dentesque
405 2285 574 2347 Sabellicus
588 2285 710 2347 exacuit
724 2299 787 2357 sus,
960 2295 1011 2347 255

61 2368 99 2428 Et
112 2369 194 2445 pede
206 2369 379 2445 prosubigit
390 2376 509 2443 terram,
526 2368 614 2430 fricat
628 2369 738 2429 arbore
752 2374 864 2441 costes,

62 2454 164 2526 Atque
177 2453 249 2513 hinc
262 2459 354 2528 utque
367 2453 450 2515 illinc
462 2455 609 2517 humeros
622 2454 664 2517 ad
676 2453 804 2513 vulnera
819 2452 915 2513 durat.

64 2534 143 2609 Quid
156 2536 284 2612 iuvenis,
298 2553 441 2612 magnum
455 2538 502 2599 cui
516 2544 622 2599 versat
634 2537 667 2597 in
681 2536 805 2599 ossibus
818 2536 919 2612 ignem

62 2619 165 2680 Durus
179 2628 285 2682 amori
305 2621 421 2698 Nempe
435 2621 572 2698 abruptis
584 2620 704 2683 trubata
716 2621 860 2697 procellis

61 2703 159 2764 Nocte
171 2711 255 2769 natat
267 2720 361 2767 caeca
375 2722 462 2767 serus
477 2706 569 2776 fretas
593 2721 684 2781 quem
698 2720 793 2781 super
805 2704 913 2780 ingens
961 2714 1013 2769 udo

61 2788 153 2848 Porto
166 2794 251 2851 tonat
264 2790 343 2853 coeli
356 2798 388 2851 et
401 2791 537 2866 scopulis
553 2789 634 2851 illisu
647 2789 813 2851 reclamant

60 2876 216 2949 Aequora
231 2890 290 2939 nec
301 2874 406 2936 miseri
419 2881 550 2951 possunt
563 2888 712 2935 revocem
725 2879 876 2950 ponentes,

60 2956 124 3017 Nec
139 2957 286 3022 moritura
300 2972 394 3035 super
408 2958 522 3021 crudeli
536 2959 641 3023 iuuere
655 2960 753 3035 virgo.
781 2994 785 2999 -

63 3041 142 3116 Quid
156 3043 264 3119 lynces
278 3042 392 3105 Bacchi
405 3042 510 3104 variae
524 3050 555 3104 et
566 3059 663 3119 genus
678 3056 749 3105 acre
762 3041 903 3116 luporum
942 3058 945 3065 ¹

60 3127 165 3201 Atque
173 3134 303 3189 canumt
318 3127 401 3204 quid,
412 3143 491 3203 quae
498 3127 635 3191 imbelles
644 3128 717 3189 dant
723 3125 841 3203 proclia
847 3124 949 3186 cervil
962 3133 1013 3189 26⁵
1127 3190 1130 3195 ,

62 3210 188 3270 Scilicet
201 3217 271 3283 aute
286 3227 392 3273 omnes
407 3212 491 3273 furor
504 3219 552 3273 est
565 3211 694 3288 insignis
708 3225 869 3286 equarum;

62 3294 102 3353 Et
114 3301 246 3356 mentem
259 3295 366 3359 Venus
380 3297 450 3372 ipsa
464 3296 557 3371 dedit,
573 3313 635 3372 quo
648 3303 786 3371 tempore
800 3293 905 3355 Glauci

63 3375 228 3440 Potniades
243 3379 331 3443 mulie
344 3379 481 3458 membra
494 3380 672 3442 absumsere
687 3378 864 3456 quadrigae.
