2326 3780
372 168 378 183 ,
427 122 621 183 Annnlnos
643 124 716 183 LIB.
737 124 791 185 VI.
1025 124 1087 190 187

129 278 289 353 Tempora,
304 275 518 350 cunctantique
533 277 667 335 natantia
680 278 794 338 lumina
809 280 910 340 solvit.

128 364 191 423 Vix
206 363 322 438 primos
336 359 462 435 inopina
477 359 564 434 quies
579 360 737 420 laxaverat
751 370 851 432 artus;

128 447 166 508 Et
181 445 476 522 superincumbens,
493 459 560 503 cum
575 445 689 519 puppis
704 453 791 521 parte
804 449 929 508 revulsa
964 484 967 499 ·

130 531 270 606 Cumque
281 528 476 606 gunemaclo,
492 528 625 602 liquidas
640 531 770 604 proiecit
783 532 813 590 in
828 532 927 592 undas

129 615 337 691 Praecipitem,
352 628 389 673 ac
404 613 508 694 socios
520 613 729 688 nequidquam
740 630 836 691 saepe
851 622 1020 676 vocantem.
1033 623 1088 678 860

128 701 201 777 Ipse
216 700 327 759 volans
341 705 448 758 tenues
465 712 499 756 se
515 697 637 757 sustulit
649 698 715 758 ales
730 699 886 760 adamas.

130 785 226 846 Currit
240 785 297 843 iter
310 790 406 843 tutum
420 797 482 841 non
497 782 600 842 secius
615 797 751 857 aequore
767 784 886 859 classis,

126 868 353 944 Promissisque
367 867 462 943 patris
477 866 607 941 Neptuni
623 867 760 955 interrita,
773 869 878 927 lemur.

127 954 254 1029 lamque
269 952 347 1011 adeo
364 950 511 1027 scopulos
526 949 666 1010 Sirenum
681 951 812 1012 advecta
826 953 957 1028 subibat,

126 1037 275 1098 Difficiles
291 1037 446 1113 quondam
460 1035 684 1111 multorumque
698 1037 822 1098 ossibus
837 1038 935 1112 albos,
1035 1044 1087 1100 865

126 1123 202 1184 Tum
216 1137 311 1181 rauca
325 1122 457 1181 adsiduo
473 1121 565 1193 louge
579 1121 645 1180 sale
660 1134 738 1180 saxa
752 1121 920 1182 sonabant:

127 1206 226 1280 Quum
240 1214 327 1280 pater
341 1207 457 1265 amisso
472 1203 641 1263 fluitantem
657 1220 760 1267 errare
773 1208 920 1282 magistro

128 1288 239 1364 Sensit,
255 1290 364 1364 etipse
378 1297 474 1349 ratem
488 1288 645 1347 nocturnis
660 1288 739 1349 rexit
752 1290 783 1350 in
799 1293 899 1365 undis,

127 1373 222 1433 Multa
236 1387 372 1446 gemens,
389 1385 526 1447 casuque
541 1371 673 1430 animum
689 1387 859 1434 concussus
875 1375 974 1435 amici.

128 1456 173 1530 „0
189 1456 314 1514 nimium
329 1457 416 1516 coelo
432 1460 462 1513 et
476 1454 587 1528 pelago
604 1455 722 1514 confise
737 1473 856 1532 serena,
1033 1466 1087 1522 870

126 1540 253 1614 „Nudus
269 1539 299 1598 in
315 1538 427 1614 ignota,
440 1536 597 1610 Palinure,
618 1538 733 1598 iacebis
749 1546 872 1600 arena.“

376 1802 406 1865 r.
433 1798 622 1865 vrncnn
647 1798 833 1866 unnorus

281 1921 313 2014 A
371 1919 402 2013 ll
462 1919 493 2013 N
553 1920 585 2015 ll
645 1921 663 2015 l
721 1920 754 2015 l)
814 1919 845 2014 o
907 1917 934 2014 S

359 2167 364 2175 Ι
429 2067 567 2132 LIBER
587 2069 774 2133 SEXTUS.

126 2218 178 2278 Sic
194 2219 273 2277 latur
286 2218 459 2292 lacrimans
476 2219 632 2293 classique
646 2217 775 2278 immittit
789 2215 936 2291 habenas

125 2302 163 2361 Et
176 2302 299 2361 tandem
312 2302 458 2362 Euboicis
474 2302 636 2362 Cumarum
650 2303 790 2363 allabitur
804 2301 878 2374 oris,

128 2385 295 2445 Obvertunt
309 2386 419 2460 pelago
435 2402 564 2462 proras3
585 2395 648 2447 tum
663 2387 754 2447 dente
767 2386 867 2446 tenaci

125 2469 250 2527 Ancora
264 2468 411 2529 fundabat
424 2486 531 2546 naves,
547 2478 577 2531 ct
591 2472 681 2532 litora
695 2485 809 2531 curvae

123 2550 306 2613 Praetexunt
319 2568 453 2629 puppes.
481 2556 629 2617 Iuvenum
643 2571 751 2615 manus
766 2554 877 2614 emicat
889 2555 1002 2615 ardens
1067 2564 1085 2619 5

122 2639 208 2700 Litus
223 2638 254 2696 in
268 2637 467 2713 Hesperium:
490 2641 608 2714 quaerit
622 2656 695 2716 pars
711 2641 830 2700 semina
845 2637 987 2698 flammae

122 2722 276 2782 Abstrusa
289 2723 321 2781 in
334 2722 423 2782 venis
439 2721 551 2794 silicis;
574 2741 647 2800 pars
662 2725 761 2784 densa
771 2725 907 2784 lerarum

123 2808 215 2868 Tecta
228 2809 315 2882 rapit,
332 2807 436 2881 silvas,
452 2806 638 2883 inventaque
652 2807 779 2869 flumina
791 2812 949 2866 monstrat.

123 2892 165 2951 At
178 2892 247 2967 pius
262 2892 385 2951 Aeneas
401 2906 499 2968 arces,
515 2893 626 2967 quibus
642 2894 720 2953 altus
734 2892 848 2968 Apollo

122 2974 291 3059 Praesidet,
305 2975 543 3052 horrendaeque
557 2978 665 3054 procul
680 2983 801 3037 secreta
816 2972 962 3050 Sibyllae,
1049 2983 1084 3036 10

122 3058 251 3118 Antrum
264 3059 404 3135 immane,
419 3060 504 3136 petit,
526 3077 665 3136 magnam
680 3060 729 3120 cari
743 3065 874 3119 mentem
889 3055 1084 3134 animumque

123 3142 232 3205 Delius
245 3143 375 3220 inspirat
388 3151 476 3205 vates
492 3145 653 3221 aperitque
666 3146 775 3205 lutura.

122 3226 187 3287 Iam
202 3227 333 3288 subeunt
345 3228 465 3289 Triviae
479 3229 566 3290 lucos
582 3237 673 3304 atque
687 3243 782 3289 aurea
794 3233 886 3287 tecta.

165 3312 331 3388 Daedalus,
346 3319 379 3372 ut
392 3313 474 3373 lama
489 3321 546 3390 est,
562 3314 688 3392 lugiens
698 3310 828 3375 Minoia
834 3323 957 3384 regna,

115 3395 315 3472 Praepetibus
326 3398 442 3473 permis
457 3415 556 3465 ausus
573 3418 614 3463 se
628 3400 771 3463 credere
783 3392 899 3469 coebo,

1100 3377 1152 3428 ᾖ»
