2326 3780
101 191 163 257 100
373 189 405 249 P.
426 188 588 251 VIRGILII
607 186 782 247 MARONIS

11 372 14 377 ·
97 345 172 403 Tum
185 342 317 402 breviter
329 341 418 415 Dido,
434 340 548 399 vultum
562 338 705 409 demissa,
720 337 871 412 profatur:

98 427 234 505 „Solvite
248 427 341 487 corde
354 432 475 497 matum,
489 422 605 495 Teucri,
620 421 767 481 secludite
782 436 883 481 curas.

99 513 180 587 „Res
195 512 271 571 dura
285 517 316 571 et
326 509 414 585 regni
428 507 550 568 novitas
566 521 615 565 me
627 505 700 565 talia
714 512 827 580 cogunt

99 596 217 671 „Moliri
227 601 257 655 at
270 596 330 655 lata
343 594 422 654 fines
437 591 565 652 custode
579 589 666 650 tueri.

94 676 189 753 „Quis
198 695 296 754 genus
305 677 495 746 Aeneadum,
508 671 581 751 quis
587 673 695 733 Troiae
709 673 827 732 nesciat
841 671 950 733 urbem
1005 684 1056 739 555

98 765 314 839 „virtutesque
328 762 475 834 virosque
489 767 540 817 aut
553 758 627 817 tanti
641 757 784 817 incendia
797 756 891 816 ballii
989 828 991 835 Ι

98 847 184 923 „Non
199 847 309 905 obtusa
323 845 401 904 adeo
416 850 572 918 gestamus
587 849 713 916 pectora
725 840 829 912 Poeni,

97 931 178 1007 „Nec
191 935 252 990 tam
266 943 393 988 aversus
408 942 507 1002 equos
521 926 613 1001 Tyria
627 924 681 985 Sol
695 924 790 1000 iungit
803 923 842 985 ab
857 923 945 985 urbe.

99 1013 180 1088 „Seu
194 1028 252 1072 vos
266 1011 446 1086 Hesperiam
460 1025 601 1083 magnam
616 1008 819 1085 Saturniaque
833 1025 917 1080 arva,

97 1097 191 1173 „Sive
204 1095 313 1172 Erycis
328 1095 406 1155 lines
420 1109 586 1167 regemque
601 1094 713 1168 optatis
728 1093 878 1164 Acestam
1006 1109 1059 1165 570

99 1180 241 1255 „Auxilio
256 1185 337 1238 tutos
353 1179 500 1237 dictrittam
513 1176 688 1252 opibusque
702 1177 825 1237 iuvabo.

98 1264 216 1339 „Vultis
232 1269 262 1322 et
275 1263 324 1321 his
338 1277 456 1321 mecum
469 1262 583 1336 pariter
597 1262 759 1320 considere
773 1264 892 1336 regnis:

97 1347 229 1422 „Urbem
244 1362 336 1422 quam
350 1353 461 1419 statuo,
476 1352 581 1406 vestra
594 1352 656 1405 cst:
679 1345 840 1406 subducite
854 1364 971 1423 naves,

98 1431 192 1505 „Tros
206 1428 463 1507 Tyriusque'mihi
477 1431 559 1490 nullo
576 1429 750 1491 discrimine
765 1438 880 1504 agetur.

97 1517 217 1590 „Atque
230 1515 344 1576 utinam
357 1530 413 1574 rex
427 1514 495 1589 ipse
509 1514 587 1574 Noto
604 1515 781 1589 compulsus
798 1516 908 1576 codem
1005 1527 1057 1583 575

47 1655 52 1664 .
98 1598 236 1675 „Ailoret
248 1600 386 1659 Aeneas!
408 1598 559 1673 Equidem
574 1614 630 1673 per
642 1598 732 1658 litora
746 1606 846 1659 certos

97 1683 268 1758 „Dimittam
282 1689 312 1743 et
324 1682 442 1758 Libyae
455 1685 585 1742 lustrare
600 1689 736 1742 extrema
749 1682 870 1757 iubebo,

96 1767 149 1842 „Si
163 1766 274 1849 quibus
289 1767 403 1827 eiectus
419 1767 505 1826 silvis
520 1774 571 1827 aut
584 1765 710 1826 urbibus
725 1771 835 1826 errat.“

96 1853 151 1912 His
167 1852 299 1911 animum
313 1851 421 1911 arrecti
436 1851 534 1921 dictis,
550 1858 580 1910 ct
594 1851 680 1910 sortis
694 1850 828 1910 Achates

96 1936 134 1996 Et
146 1943 233 2011 pater
246 1937 369 1995 Aeneas
384 1934 560 1994 iamdudum
575 1950 735 2010 erumpere
748 1934 861 1995 nubem
1005 1950 1057 2004 580

96 2020 262 2079 Ardebant.
297 2018 383 2078 Prior
395 2018 522 2077 Aenean
538 2020 700 2094 compellat
712 2018 862 2078 Achates:

97 2104 190 2179 „Nate
206 2103 273 2173 dea,
291 2117 369 2175 quae
384 2115 464 2161 nunc
478 2101 578 2162 animo
596 2102 744 2162 sententia
759 2104 875 2178 surgit?

96 2185 223 2263 „Omnia
236 2192 300 2245 tuta
314 2184 411 2257 vides,
427 2185 560 2245 clessam
574 2187 740 2261 sociosque
753 2195 912 2262 receptam

97 2270 200 2345 „Unus
216 2269 311 2340 abest,
327 2268 429 2328 medio
444 2269 474 2328 in
490 2268 584 2331 fluctu
599 2286 690 2344 quem
703 2271 834 2330 vidimus
849 2272 910 2346 ipsi

95 2352 327 2428 „Subnrersum;
350 2352 439 2413 dictis
453 2355 642 2428 respondent
656 2361 758 2414 catara
771 2355 905 2415 matris.“
1003 2370 1056 2426 585

95 2437 158 2494 Viri
173 2452 210 2496 aa
224 2438 304 2496 latus
319 2443 391 2511 erat,
407 2454 502 2511 quum
516 2438 701 2498 circumfusa
713 2445 839 2513 repente

96 2519 214 2579 Scindit
229 2537 263 2581 sc
277 2520 375 2581 nubes
390 2528 420 2580 ct
433 2520 464 2580 in
478 2521 601 2581 aethera
614 2528 724 2597 purgat
737 2528 883 2598 apertum.

95 2603 216 2663 Restitit
229 2605 361 2678 Aeneas,
376 2607 519 2678 claraque
533 2605 564 2665 in
577 2607 646 2664 luce
659 2606 787 2678 refulsit

97 2685 139 2746 Os
153 2687 361 2763 humerosque
376 2688 435 2747 deo
451 2689 572 2748 similis:
595 2706 727 2764 namque
741 2690 810 2765 ipsa
824 2689 972 2754 decoram

96 2770 270 2831 Caesariem
284 2780 355 2833 nato
370 2772 507 2846 genetrix
521 2773 684 2850 lumenque
699 2774 839 2834 iuventae
1003 2789 1056 2844 590

95 2853 282 2932 Purpureum
297 2862 326 2915 et
339 2857 437 2915 laetos
451 2857 549 2916 oculis
564 2856 684 2918 afflarat
697 2857 842 2931 honores,

97 2938 191 3012 Quale
206 2956 313 3000 manus
329 2940 445 2999 addunt
458 2939 543 3000 ebori
559 2942 663 3014 decus,
682 2948 734 3003 aut
746 2941 799 3003 ubi
812 2940 896 3002 flavo

95 3025 263 3099 Argentum
276 3023 422 3083 Pariusve
435 3024 515 3099 lapis
530 3025 733 3086 circumdatur
747 3041 832 3087 auro.
855 3062 862 3078 ·

94 3106 170 3166 Tum
185 3109 230 3168 sic
244 3107 380 3183 reginam
395 3108 564 3184 alloquitur,
580 3109 758 3184 cunctisque
772 3116 898 3184 repente

95 3190 285 3266 Improvisus
299 3190 355 3253 ail=
377 3191 514 3265 „Coram
531 3210 621 3268 quem
636 3193 791 3269 quaeritis,
806 3194 927 3271 adsum,
1003 3211 1056 3266 595

95 3273 222 3349 „Troius
236 3278 368 3348 Aeneas,
383 3274 507 3352 Libyeis
522 3285 644 3354 ereptus
659 3277 698 3338 ab
712 3277 813 3338 undis.

95 3355 139 3431 „0
155 3361 222 3419 sola
235 3359 377 3421 infandos
392 3359 499 3420 Troiae
513 3362 656 3422 miserata
669 3361 800 3433 labores¹

95 3441 199 3516 „Quae
212 3460 280 3518 nos,
295 3443 440 3520 reliquias
456 3440 603 3521 Dan'adm,
618 3453 778 3520 terraeque
792 3444 952 3523 marisque
