2326 3780
94 210 137 271 32
368 210 400 269 P.
425 207 584 269 VlRGlLll
604 206 779 267 tinitonis

95 368 229 427 Maxima
243 384 383 446 quaeque
396 382 489 427 manu
503 367 630 439 legeret:
652 365 698 423 sio
711 363 816 424 omnia
829 365 904 426 latis

96 452 129 509 ln
145 451 233 527 peius
246 458 481 515 ruereacretro
496 449 647 523 sublapsa
659 448 775 519 reterri,
1003 459 1050 513 m

95 536 162 595 Non
177 537 272 609 aliter,
289 552 381 612 quam
396 535 450 611 qui
464 534 597 593 adverso
612 531 667 591 vix
680 530 805 592 flumine
820 532 959 595 lembum

96 620 242 696 Remigiis
257 621 377 697 subigit,
392 620 420 680 si
432 617 559 678 brachia
573 617 651 677 torte
664 616 789 689 remisit,

95 704 198 780 Atque
212 705 341 765 illumin
354 718 505 779 praeceps
520 714 620 777 prono
634 700 714 775 rapit
728 700 835 760 alveus
850 702 945 763 amni.

123 846 125 853 .
137 788 297 849 Praeterea
309 794 371 848 tam
384 794 455 847 suut
467 785 589 847 Arcturi
603 784 708 844 sidera
721 784 811 845 nobis

95 873 332 948 Haedorumque
347 871 414 930 dies
429 870 573 931 servandi
588 875 619 928 et
631 868 753 929 lucidus
767 869 898 943 Anguis,
1004 876 1049 932 aot

97 957 193 1029 Quam
208 956 318 1032 quibus
333 955 363 1014 in
379 955 507 1030 patriam
523 960 652 1013 ventosa
666 969 722 1029 par
736 968 876 1028 aequora
888 954 990 1015 vactis

96 1038 210 1100 Pontus
226 1048 256 1100 et
270 1039 402 1100 ostriferi
415 1039 520 1099 lauces
533 1044 686 1097 tentantur
698 1036 814 1114 Abydi.

96 1122 188 1184 Libra
202 1124 252 1184 die
267 1122 428 1197 somnique
442 1137 533 1199 pares
547 1121 600 1181 ubi
614 1121 721 1181 fecerit
734 1121 837 1194 horas,

96 1208 134 1266 Et
147 1208 280 1268 medium
294 1207 353 1267 luci
367 1214 460 1282 atque
473 1205 589 1289 umbris
604 1205 665 1265 iam
679 1205 787 1266 dividit
802 1203 924 1277 orbem;

96 1292 254 1366 Exercete‚
271 1291 335 1365 viri,
351 1298 465 1365 tauros,
480 1291 572 1351 serite
584 1288 703 1349 hordea
719 1291 835 1366 campis
1003 1298 1048 1359 alt

97 1375 204 1450 Usque
220 1374 277 1435 sub
292 1382 460 1436 extremum
473 1374 600 1435 brumae
614 1373 812 1435 intractabilis
826 1373 969 1435 imbrem.

97 1458 160 1518 Nec
174 1475 235 1519 non
251 1467 281 1519 et
294 1461 347 1520 lini
362 1467 498 1535 segetem
512 1466 542 1519 et
557 1458 682 1518 Cereale
695 1474 835 1533 papaver

96 1542 228 1619 Tempus
241 1545 334 1607 humo
349 1552 462 1620 tegere,
478 1551 508 1603 et
521 1543 698 1603 iamdudum
710 1542 887 1603 incumbere
902 1544 1021 1619 aratris,

96 1626 175 1687 Dum
190 1630 274 1689 sicca
286 1632 393 1690 tellure
406 1629 486 1702 licet,
500 1627 573 1687 dum
586 1625 690 1687 nubila
703 1627 847 1700 pendent.

97 1712 178 1773 Vere
193 1713 271 1774 labis
287 1714 383 1785 satio;
404 1719 468 1773 tum
481 1718 512 1771 te
528 1726 660 1786 quoque,
675 1709 804 1785 Medica
819 1719 928 1786 putres
1004 1719 1047 1777 ali

97 1798 260 1874 Accipiunt
274 1800 359 1872 sulci,
374 1805 405 1858 et
417 1796 500 1857 milio
514 1795 598 1855 venit
612 1811 714 1855 annua
727 1810 809 1868 cura

99 1881 253 1942 Candidus
269 1884 382 1943 auratis
396 1881 494 1956 aperit
509 1895 602 1954 quum
617 1878 760 1939 cornibus
774 1895 888 1940 aunum

97 1965 212 2026 Taurus
228 1975 258 2026 et
272 1968 404 2026 adverso
419 1964 534 2023 cedens
549 1963 639 2022 Canis
656 1963 768 2022 occidit
782 1970 876 2024 astro.

97 2052 138 2107 At
153 2050 179 2109 si
193 2050 340 2109 triticeam
354 2049 384 2107 in
399 2063 533 2107 messem
547 2045 735 2124 robustaque
748 2048 831 2107 farra

96 2130 264 2192 Exercebis
277 2132 409 2205 humum,
424 2131 564 2207 solisque
578 2131 707 2193 instabis
722 2132 839 2202 tristia
1001 2142 1051 2198 Ait

97 2219 177 2274 Ante
192 2215 245 2277 tibi
259 2215 343 2275 ane
357 2216 526 2277 Atlantides
541 2216 779 2287 abscondantur,

99 2298 275 2375 Gnosiaque
290 2300 424 2361 ardentis
438 2300 569 2362 decedat
583 2302 672 2361 stella
687 2301 833 2372 coronae,

96 2382 207 2443 Debita
221 2400 312 2458 quam
326 2386 420 2447 sulcis
435 2386 605 2447 committas
619 2385 745 2458 semina
763 2400 922 2460 quamque

97 2467 213 2527 Invitae
228 2484 375 2545 properes
391 2470 462 2531 anni
477 2484 564 2545 spem
579 2468 704 2528 credere
718 2475 827 2528 terrae.

97 2549 182 2611 llulti
197 2562 266 2613 ante
280 2570 426 2616 occasum
439 2554 539 2613 Maiae
553 2568 701 2627 coepere;
725 2553 782 2613 sed
796 2553 866 2613 illos
1004 2562 1050 2618 eti

96 2634 282 2711 Exspectata
295 2655 385 2715 seges
399 2637 488 2697 vanis
503 2636 595 2696 elusit
608 2637 718 2696 aristis.

99 2717 131 2778 Si
145 2736 219 2781 vero
234 2723 406 2799 viciamque
421 2736 507 2793 seres
521 2720 674 2794 vilemque
688 2722 827 2792 faselum,

96 2802 159 2864 Nec
172 2804 349 2866 Pelusiacae
363 2821 467 2865 curam
481 2803 710 2878 adspemabere
722 2804 828 2874 lentim

96 2887 185 2949 Haud
202 2889 334 2950 obscura
349 2889 463 2949 cadens
477 2888 573 2948 mittet
587 2887 640 2948 tibi
656 2889 744 2964 signa
756 2888 888 2949 Bootesr

96 2972 201 3049 incipe
216 2979 246 3032 et
260 2974 300 3033 ad
314 2972 432 3033 medias
446 2980 613 3033 sementem
628 2974 759 3034 extende
774 2972 913 3048 pruinas.
1001 2980 1050 3037 m

139 3057 257 3118 Idcirco
272 3057 363 3117 cerlis
377 3056 698 3133 dimensumportibus
713 3056 819 3118 orbem

96 3139 153 3199 Per
167 3140 312 3200 duodena
325 3142 403 3217 regit
416 3141 520 3202 mundi
534 3141 589 3204 Sol
603 3158 713 3203 aureus
729 3148 821 3202 astra.

97 3222 235 3299 Quinque
250 3232 353 3287 tenent
365 3228 484 3288 coelum
499 3242 605 3301 zonae,
622 3242 749 3301 quarum
763 3241 826 3285 uua
839 3238 976 3291 corusco
1001 3284 1005 3291 .

9 3308 12 3313 “
97 3305 226 3383 Semper
240 3311 306 3370 sole
320 3310 434 3372 rubens
450 3318 480 3371 et
492 3312 609 3373 torrida
623 3326 745 3387 semper
758 3308 796 3371 ab
810 3308 891 3383 ignl3

97 3390 192 3464 Quam
207 3394 319 3454 circum
334 3404 487 3456 extremae
502 3396 610 3456 dextra
624 3397 776 3469 laevaque
789 3392 959 3471 trahuntur,
1001 3397 1050 3459 ss

97 3474 243 3543 caerulea
256 3480 353 3554 glacie
368 3486 529 3566 concretae
543 3487 634 3556 atque
648 3477 796 3540 imbribus
810 3476 900 3548 atris3
