2326 3780
447 200 753 262 turbcuucrto.
955 200 1079 257 ·=XXXV

105 360 261 435 ¹poeticum
281 359 438 423 detrectare
455 355 649 426 ¹studuerunt‚·
665 354 772 429 ingenti
786 358 885 423 tamen
905 356 1003 417 levore
1017 355 1078 410 eius

120 444 245 503 carmina
259 462 276 500 a
289 444 396 517 populo
402 440 534 503 Romano
545 445 665 513 excepta
675 445 748 496 sunt.
778 438 902 496 Donatus
913 442 988 497 enirn
998 440 1077 497 otti.

121 538 147 598 s.
159 524 212 589 41.
226 535 337 598 narrat,
357 529 435 585 illum
446 526 581 583 Bucolica
600 529 676 581 tanto
697 540 833 583 successu
845 525 986 595 edidisse,
1006 530 1037 579 ut
1049 525 1079 580 in

123 630 209 671 scena
229 629 342 687 quoque
361 629 413 685 per
434 617 564 668 cantores
578 612 679 667 crebra
689 610 914 685 pronuntiatione
928 611 1079 667 recimere

122 705 174 769 tur.
212 698 305 770 Atque
314 696 420 755 Auctor
430 696 541 769 Dialoqi
552 694 587 751 de
598 694 760 753 Orctcnbue
772 693 859 754 o.13.
875 696 927 751 ait.-
948 692 1081 768 ‘Populea

122 783 223 840 cuditis
237 785 268 845 ia
284 783 390 839 thecdo
404 781 527 839 versibus
543 778 950 853 Vtrpttrtsumoertmoems,
972 779 1081 855 etfortc

117 874 294 944 praesentem
309 873 530 940 spectantemque
552 863 695 938 Virgilium
710 871 857 922 mereim
873 872 914 921 ert
927 866 1083 939 etosqmst

121 953 290 1026 Aupqsmm!
324 951 390 1007 Vid.
410 950 563 1007 Weichert.
585 951 640 1007 tc.
660 947 769 1022 paen
803 949 882 1017 Quae
903 942 1082 1027 etiamsinon
1108 1004 1112 1013 ,

122 1038 198 1093 omni
221 1054 257 1095 ex
276 1043 356 1109 parte
375 1052 447 1095 vera
467 1052 531 1092 esse
550 1035 697 1106 videntur,
717 1036 757 1091 uti
776 1036 870 1092 tabula
885 1035 921 1091 de
935 1034 1081 1104 Cicerone,

124 1122 172 1193 qui
190 1121 263 1179 haec
277 1122 391 1177 recitata
405 1119 544 1177 audiverit
559 1120 631 1189 [vid.
644 1137 732 1195 supro
743 1136 772 1193 p.
781 1117 878 1191 vt11.],
899 1126 995 1193 aperte
1010 1120 1082 1175 salsa

125 1210 183 1272 est3
208 1212 302 1263 umen
321 1207 427 1278 populo
437 1204 520 1263 ,haas
540 1206 664 1263 carmina
678 1220 745 1262 mox
758 1206 913 1261 innotuisse
928 1204 1080 1261 declarant

125 1288 219 1353 Tanta¹
235 1291 322 1357 etiam,
334 1290 535 1362 Georgicorum
555 1291 705 1347 auctoritas
720 1289 796 1363 apud
809 1289 952 1347 Romanos
965 1290 1031 1359 ibit,
1051 1292 1082 1345 ut

127 1372 281 1429 Columella
301 1378 329 1429 et
347 1374 452 1429 Plinius
474 1374 640 1445 saepissime
665 1390 718 1430 sua
742 1390 874 1447 agrotum
898 1375 1082 1432 colendorum

124 1454 278 1531 praccepta
298 1457 408 1530 Virgilii
427 1457 584 1513 testimonio
606 1462 634 1513 et
654 1459 783 1515 versibus
803 1459 919 1533 integris
927 1459 1081 1531 adscriptis

126 1541 324 1600 confirmarint
358 1540 481 1595 Maximo
501 1546 594 1596 autem
611 1542 709 1597 lavore
722 1540 841 1598 Romani
854 1544 1010 1601 Aeneidem
1023 1559 1081 1600 am·

125 1628 202 1702 plexi
225 1632 303 1696 sunt,
332 1642 387 1697 quo
409 1624 532 1681 carmine
554 1625 659 1680 nullum
679 1626 755 1681 Latio
770 1628 871 1682 clarius
886 1634 995 1684 exstare
1011 1643 1088 1699 opus

126 1713 293 1769 dictitatunt.
314 1729 344 1769 v.
353 1708 507 1766 Weichert
519 1709 591 1766 del.
605 1708 685 1766 Varii
692 1715 718 1766 et
729 1710 816 1767 Casei
824 1711 919 1767 Parm.
930 1713 984 1768 cita
994 1729 1023 1783 p.
1032 1709 1081 1770 61.

125 1797 195 1854 Inde
207 1797 289 1853 etiam
299 1796 447 1869 Virgilium
458 1794 578 1867 primum
591 1792 782 1851 Romanorum
794 1801 907 1868 poetam
921 1802 948 1852 et
961 1796 1082 1852 Homero

125 1883 284 1957 proximum
304 1881 470 1938 habuerunt
508 1879 573 1935 Vid.
597 1878 707 1947 Quintil.
724 1879 759 1936 X.
783 1880 811 1940 1.
832 1879 882 1941 85.
922 1881 1014 1953 Atque
1028 1879 1083 1936 hoc

126 1984 240 2024 carmen
253 1968 381 2040 Augusto
397 1964 490 2021 adhuc
504 1965 617 2022 vivente
632 1963 714 2020 Ennii
730 1967 791 2022 loco
803 1966 831 2022 in
843 1964 945 2022 scholis
954 1965 1082 2038 praelegi

127 2061 154 2109 et
175 2051 299 2109 enarrari
314 2051 414 2124 coepit.
450 2048 515 2104 Vid.
531 2047 645 2105 Sueton.
662 2050 803 2106 deillustr.
817 2051 975 2109 Grammctt.
989 2050 1039 2111 16.
1056 2057 1083 2109 et

125 2137 278 2194 Weichert.
297 2137 332 2192 de
348 2149 434 2199 verer.
450 2135 678 2206 intorususpecc.
699 2152 727 2207 p.
735 2132 784 2196 57.
828 2136 927 2208 Neque
947 2135 1081 2210 Caligula,

126 2224 175 2294 qui
184 2221 293 2293 Virgilii
305 2221 429 2277 carmina
440 2219 506 2274 satis
518 2218 612 2290 inique
623 2221 750 2277 tractavit
761 2220 831 2290 [vid.
839 2219 976 2294 Spartian.
989 2238 1013 2276 c.
1022 2219 1081 2292 15.

126 2307 241 2364 Sueton.
258 2306 340 2379 calip.
353 2299 436 2364 o.34.
453 2309 480 2359 et
499 2302 655 2358 Francltius
671 2303 705 2359 de
715 2303 832 2362 Marone
842 2308 934 2362 edent.
946 2305 1081 2361 stinitdcd

125 2391 274 2448 architecto
292 2386 390 2462 pto]
409 2405 562 2460 eorumque
582 2388 696 2445 codices
718 2406 753 2444 ex
767 2390 893 2447 omnibus
908 2389 1082 2447 bibliothecis

127 2475 249 2542 amovit,
270 2473 345 2528 hune
359 2475 485 2530 favorem
498 2473 651 2546 reprimere
665 2474 761 2547 potuit
793 2474 890 2530 Nullus
902 2475 975 2531 enim
988 2480 1082 2549 poeta,

126 2559 223 2615 rhetor
240 2562 287 2612 aut
304 2558 500 2629 grammaticus
515 2559 631 2629 exstitit,
653 2559 700 2631 qui
711 2574 767 2614 non
779 2559 925 2632 diligenter
935 2561 1082 2634 Virgilium

127 2642 292 2701 lectitaverit
305 2642 422 2713 eiusque
437 2644 579 2698 sententiis
595 2649 622 2699 et
635 2643 764 2701 versibus
780 2661 861 2700 suum
877 2663 947 2718 opus
963 2661 1082 2702 exorna-

126 2729 208 2785 verit.
244 2726 377 2798 Idemque
397 2732 499 2798 poetae
521 2743 599 2782 amor
619 2729 701 2784 etiam
722 2746 773 2801 per
789 2729 928 2800 medium,
950 2730 1026 2803 quod
1040 2730 1081 2785 di·

128 2814 214 2882 citur,
236 2828 339 2869 aevum
353 2812 469 2881 mansit,
491 2828 547 2884 quo
562 2816 686 2885 tempore
700 2829 757 2870 non
771 2816 861 2871 solum
876 2817 998 2872 carmina
1012 2816 1082 2870 mul·

127 2906 186 2955 tum
209 2902 360 2953 tractarunt
383 2903 410 2952 et
432 2896 528 2952 imitati
549 2901 627 2967 suut,
656 2897 708 2954 sed
727 2906 839 2971 poetam
858 2901 950 2973 ipsum
969 2912 1082 2972 magum

126 2984 214 3040 luisse
228 2981 382 3052 finxerunt,
404 2982 451 3053 qui
465 2984 550 3038 multa
564 2981 680 3038 mirifica
692 2985 795 3040 iecerit.
831 3003 859 3042 v.
872 2983 978 3040 Genthe
989 2986 1018 3040 in
1028 2989 1082 3042 cita

132 3068 208 3140 Virq.
222 3065 272 3127 51.
287 3082 365 3138 sqq,
386 3065 568 3123 Siebenhaar.
583 3066 617 3122 de
631 3067 748 3140 fabulis,
770 3084 841 3142 quac
851 3069 940 3125 media
950 3075 1038 3126 aetate
1048 3071 1083 3127 de

124 3154 159 3212 P.
177 3153 289 3227 Virpitio
300 3150 375 3206 Mar.
382 3151 657 3225 circumferebantur,
673 3152 776 3223 [Berol.
786 3152 875 3215 1837.
888 3149 930 3224 4.]
943 3159 969 3209 et
979 3153 1082 3210 Baehr.

127 3240 224 3296 Gescb.
237 3240 289 3294 der
299 3242 367 3293 rdm.
379 3236 462 3293 Liter.
478 3254 506 3308 p.
517 3233 587 3296 135.
607 3229 737 3293 ¹Studium
749 3245 855 3308 autem,
877 3238 953 3310 quod
966 3239 1083 3296 Romani

126 3326 156 3379 in
177 3323 281 3378 scholis
302 3327 403 3394 poetae
425 3321 634 3394 impenderunt,
661 3340 727 3378 mox
748 3326 830 3379 etiam
851 3328 1081 3380 commentatores

127 3409 273 3476 excitavit,
296 3407 342 3477 qui
362 3406 549 3479 peculiaribus
569 3406 668 3463 libellis
687 3407 759 3464 haec
773 3410 900 3466 carmina
917 3411 1099 3465 illustrarent

128 3499 156 3552 et
176 3492 355 3564 explicarent
396 3491 502 3550 Horum
518 3492 602 3569 primi
620 3496 736 3570 praeter
756 3495 944 3570 L.Varium,
965 3492 1060 3571 qum
1072 3490 1117 3551 do
