2326 3780
125 176 189 241 332
402 172 435 232 P.
456 171 619 233 VIRGILH
638 170 842 235 MARONIS

125 331 290 404 impresso,
307 325 434 387 dextrae
447 338 624 385 mucronem
638 330 820 401 extorquet
835 332 870 387 et
885 328 953 389 alto

123 413 300 487 Fulgentem
314 411 423 486 tinguit
435 411 547 484 iugulo,
563 415 656 483 atque
670 409 757 471 haec
772 411 920 488 insuper
934 412 1029 475 addin

124 496 198 572 „En
214 511 306 570 agros
321 502 360 570 et,
376 511 468 569 quarn
480 494 572 567 bello,
586 492 731 569 Troiane,
746 496 877 571 petisti,

124 580 325 656 „Hesperiam
339 579 444 639 metire
458 578 578 639 iacens:
600 576 679 637 haec
694 580 859 655 praemia,
877 581 936 656 qui
951 598 1000 642 me
1052 585 1089 645 ao

125 663 237 739 „Ferro
253 663 320 723 ausi
335 669 460 737 tentare,
474 663 590 731 ierunt3
614 661 660 721 sic
673 664 810 723 moenia
825 667 1002 726 condunt“

124 748 201 806 Huic
217 748 357 807 comitem
370 746 509 809 Asbuten
523 745 663 807 coniecta
675 748 818 823 cuspide
833 751 942 825 mittit,

126 832 317 906 Chloreaque
331 830 536 908 Sybarimque
549 829 726 905 Daretaque
738 830 1055 909 Thersilochumque,

124 916 162 975 Et
173 916 320 975 sternacis
335 915 407 989 equi
419 916 540 990 lapsum
555 915 675 973 cervice
688 914 908 992 Thymoeten.

124 1002 171 1059 Ac
187 1000 269 1059 velut
281 999 381 1059 Edoni
395 998 514 1059 Boreae
530 1014 623 1073 quum
637 998 765 1073 spiritus
782 1002 850 1061 alto
1052 1009 1090 1063 111

125 1084 250 1143 Insonat
263 1084 390 1157 Aegaeo
405 1083 605 1158 sequiturque
618 1083 659 1143 ad
672 1083 764 1143 litora
778 1083 915 1161 fluctus,

126 1167 191 1240 Qua
205 1166 286 1225 venti
301 1165 477 1239 incubuere,
493 1167 596 1241 lugam
609 1167 684 1227 dant
696 1166 807 1227 nubila
822 1172 938 1238 coelo:

105 1318 109 1329 ¹
126 1250 177 1311 Sic
190 1249 300 1322 Turno,
318 1265 510 1326 quacumque
526 1250 606 1309 viam
619 1258 713 1323 secat,
729 1252 861 1325 agmina
877 1255 999 1316 cedunt

127 1333 363 1409 conversaeque
375 1341 465 1393 ruunt
478 1335 579 1406 aciem
600 1335 658 1395 lert
670 1335 807 1410 impetus
823 1337 946 1412 ipsum,

124 1418 162 1476 Et
177 1416 299 1477 cristam
313 1418 447 1478 adverso
463 1434 554 1478 curru
569 1418 664 1494 quatit
677 1434 753 1479 aura
764 1421 946 1491 volantem.
1049 1429 1092 1484 111

124 1502 192 1561 Non
206 1502 272 1561 tulit
285 1501 448 1562 instantem
460 1501 601 1577 Phegeus
616 1502 790 1578 aniruisque
804 1504 1014 1579 frementem3

98 1654 107 1673 ‚
127 1584 244 1645 Obiecit
257 1602 328 1646 sese
343 1586 383 1647 ad
398 1602 527 1659 crurum,
543 1593 574 1647 et
588 1586 760 1661 spumantia
774 1588 877 1649 frenis

127 1668 187 1730 Ora
201 1670 358 1730 citatorum
372 1670 480 1731 dextra
494 1671 622 1731 detorsit
635 1684 796 1747 equorum.

125 1754 204 1815 Dum
217 1754 343 1813 trahitur
356 1755 530 1830 pendetque
544 1755 633 1830 iugis,
647 1754 727 1826 hunc
741 1755 804 1815 lata
819 1762 978 1819 retectum

126 1838 248 1897 Lancea
263 1838 467 1912 consequitur,
482 1839 657 1914 rumpitque
671 1838 768 1898 infixa
781 1838 914 1903 bilicem
1048 1849 1094 1905 311

126 1922 266 1981 Loricam
281 1928 310 1981 et
325 1938 476 1983 summum
491 1923 632 1997 degustat
645 1922 772 1982 vulnere
787 1938 922 2000 corpus.

126 2006 181 2065 llle
194 2012 295 2065 tamma
310 2006 409 2081 clipeo
426 2006 546 2067 obiecto
560 2022 728 2066 conversus
743 2007 775 2065 in
789 2006 921 2069 hostem

126 2089 202 2162 lhat,
218 2094 248 2148 et
261 2090 406 2149 auxilium
420 2090 512 2151 ducto
526 2105 673 2151 mucrone
688 2091 827 2165 petebat=

128 2173 203 2234 Cum
216 2180 283 2233 rota
297 2174 493 2249 praecipitem
508 2180 539 2235 et
551 2190 701 2250 procursu
714 2175 854 2235 concitus
869 2177 946 2239 axis

127 2257 248 2332 hnpulit
262 2256 450 2335 effunditque
464 2259 542 2333 solo,
556 2259 736 2332 Turnusque
751 2266 880 2321 secutus
1050 2270 1097 2326 aab

127 2341 221 2399 lmam
236 2341 313 2401 inter
326 2343 444 2417 galeam
458 2343 568 2403 summi
582 2342 717 2403 thoracis
731 2348 761 2402 et
775 2358 849 2405 oras

127 2423 259 2484 Abstulit
274 2440 347 2485 ense
362 2433 461 2502 caput,
476 2433 678 2501 truncumque
691 2427 813 2502 reliquit
827 2443 959 2490 arenae.

169 2509 270 2582 Atque
285 2525 323 2567 ea
337 2509 408 2569 dum
422 2510 539 2585 campis
554 2511 652 2571 victor
666 2511 718 2570 dat
732 2511 842 2571 lunera
854 2512 997 2587 Turnum

128 2592 247 2651 Interea
260 2594 387 2653 Aenean
400 2594 578 2655 Mnestheus
593 2601 622 2654 et
636 2594 719 2655 lidus
732 2582 872 2657 Achates

128 2676 343 2750 Ascaniusque
359 2693 463 2739 comes
478 2678 587 2739 castris
602 2686 736 2739 statuere
749 2686 923 2753 cruentum,
1047 2690 1097 2745 ³85
1151 2716 1154 2721 ·

128 2761 272 2821 Altemos
287 2761 379 2834 longa
393 2762 536 2823 nitentem
550 2763 680 2839 cuspide
694 2778 832 2837 gressus.

130 2844 243 2917 Saevit,
259 2850 289 2905 et
302 2844 431 2905 infracta
443 2848 573 2907 luctatur
585 2847 734 2907 arundine
747 2847 842 2907 telum

128 2929 265 3005 Eripere,
281 2928 457 3004 auxilioque
471 2931 561 3003 viam,
578 2945 658 3006 quae
672 2931 822 3006 proxima,
837 2933 962 3007 poscit=
982 2998 988 3009 ¹

128 3014 211 3073 Ense
226 3020 331 3072 secent
344 3013 405 3073 lato
420 3015 540 3089 vulnus,
554 3015 668 3089 telique
681 3014 829 3075 latebram

128 3096 317 3157 Rescindant
330 3098 460 3172 penitus,
475 3113 608 3172 seseque
622 3099 653 3158 in
669 3098 749 3159 bella
761 3100 928 3161 remittant.
1046 3110 1097 3167 391

130 3181 256 3257 Iamque
270 3181 376 3241 aderat
388 3180 513 3242 Phoebo
527 3189 598 3243 ante
611 3183 689 3243 alios
705 3182 836 3245 dilectus
850 3184 938 3261 lapis

129 3263 258 3337 Iasides,
274 3265 336 3324 acri
352 3266 507 3340 quondam
521 3266 570 3326 cui
585 3273 694 3341 captus
707 3281 813 3327 amore

130 3346 204 3423 Ipse
217 3364 291 3409 suas
305 3354 396 3421 artes,
411 3365 468 3408 sua
481 3364 616 3422 munera,
632 3352 729 3411 laetus
743 3350 860 3427 Apollo

129 3430 300 3510 Augurium
313 3432 522 3509 citharamque
534 3432 631 3493 dabat
640 3434 821 3507 celeresque
835 3434 988 3511 sagitta„
