2326 3780
111 200 177 267 sat
383 197 415 256 Ρ.
436 195 600 256 vmeuu
620 196 835 282 MAROle·

111 351 256 426 Incolitis,
272 350 413 426 gaudete,
428 363 529 422 vagae
541 347 744 424 blandaeque
758 350 931 423 voiuares3

111 438 244 511 Vosque
258 435 347 507 adeo,
364 433 488 493 humani
502 439 637 493 mutatae
651 436 804 509 eorporis
821 442 919 509 artus,

35 554 39 565 ·
81 510 88 521 ¹
112 522 180 581 Vos
196 535 214 580 0
230 519 347 579 erudeli
362 519 493 577 satorum
506 517 584 591 iege,
600 518 727 593 puellae

111 604 288 676 Dauliades
304 602 451 678 gaudetee
473 601 558 660 venit
570 602 737 661 rarissima
751 601 850 662 vobis

113 688 268 763 cognatos
284 702 401 762 augens
414 700 505 760 reges
520 700 746 760 numerumque
761 702 898 746 suorum
1032 696 1065 747 itt

113 771 200 844 ciris,
216 778 247 831 et
261 772 330 846 ipse
343 778 440 847 pater.
475 770 552 841 Vos,
568 785 587 829 0
602 769 817 845 pulcherrima
835 772 995 846 quondam

102 856 259 931 -corpora
276 856 434 937 eaeruueas
449 854 679 929 praevenirem
694 854 831 913 aethera
847 855 960 927 nubes,

113 939 179 1014 Qua
192 954 291 999 novus
306 940 346 998 ad
362 938 508 1015 superum
522 938 616 998 sedes
629 938 824 1012 Haiiaeetus,
843 947 876 998 et
890 958 955 1016 qua

113 1023 251 1084 candida
266 1038 436 1083 conuessos
451 1022 621 1083 adscendat
635 1021 713 1082 Ciris
729 1022 887 1083 honores.

153 1108 277 1183 lamque
292 1108 371 1166 adeo
387 1107 467 1167 duici
483 1105 643 1166 devinctus
657 1107 776 1166 lumina
792 1122 913 1168 somno
1035 1118 1071 1170 tut

112 1191 204 1251 Nisus
221 1197 294 1265 erat,
308 1191 497 1267 vigilumque
511 1192 618 1267 procui
633 1191 780 1250 custodia
795 1192 912 1267 primis

111 1275 266 1335 Excubias
281 1275 399 1335 iuribus
413 1276 516 1336 studio
530 1275 661 1335 iactabat
675 1275 776 1334 inani:

113 1358 187 1419 (ium
202 1359 304 1419 iurtim
317 1359 410 1419 tacito
427 1360 621 1420 descendens
636 1357 744 1435 Scylla
759 1358 861 1419 cubili

112 1442 247 1503 Auribus
263 1443 389 1504 arrectis
404 1451 553 1505 nocturna
568 1444 687 1504 silentia
701 1450 811 1516 tentat,

111 1527 150 1588 Et
163 1529 281 1604 pressis
297 1536 418 1588 tenuem
432 1527 613 1604 singultibus
629 1531 701 1586 abra
715 1534 836 1603 captat.
1039 1538 1077 1590 ‘itt

111 1612 185 1673 Tum
201 1629 356 1689 suspensa
369 1613 477 1673 levans
492 1612 595 1687 digitis
610 1612 742 1686 vestigia
756 1612 875 1687 primis

111 1697 280 1772 Egreditur,
297 1697 441 1771 ferroque
455 1712 563 1756 manus
579 1703 694 1755 armata
706 1695 831 1757 bidenti

111 1780 236 1851 Evolat3
259 1788 290 1841 at
305 1781 425 1841 demtae
441 1780 541 1840 subita
554 1781 585 1840 in
599 1779 764 1840 formidine
779 1782 884 1842 vires.

113 1864 276 1925 caeruleas
292 1881 349 1926 sua
363 1867 443 1925 iurta
456 1865 541 1939 prius
555 1871 682 1925 testatur
695 1864 736 1923 ad
751 1865 899 1928 umbras.

112 1949 197 2017 Nam,
215 1966 275 2024 qna
289 1965 324 2009 se
339 1950 380 2009 ad
395 1949 524 2025 patrium
538 1949 683 2008 tendebat
697 1950 808 2009 semita
824 1951 937 2022 limen,
1037 1960 1075 2012 ‘215

111 2034 272 2093 Vestibuio
287 2033 318 2093 in
335 2032 457 2093 thalami
471 2034 606 2109 paullum
619 2039 799 2104 remoratur,
816 2043 852 2095 et
867 2036 923 2095 aiii

113 2116 248 2194 Suspicit
261 2118 301 2177 ad
314 2118 419 2177 Lunae
431 2118 570 2177 nutantia
583 2116 687 2178 sidera
700 2118 816 2191 mundi,

111 2201 178 2261 Nun
194 2208 321 2278 accepta
334 2201 393 2276 piis
408 2201 588 2276 promittens
601 2216 728 2261 munera
742 2201 837 2262 divis.

113 2284 208 2359 Quam
223 2286 312 2346 simui
327 2283 437 2361 Ogygii
450 2284 613 2346 Phoenicis
627 2285 691 2344 iiiia
705 2284 814 2345 Carme

113 2367 245 2444 Surgere
260 2369 358 2431 sensit
371 2385 449 2430 anus
464 2402 477 2411 -
492 2371 623 2430 sonitum
639 2384 709 2429 nam
724 2369 843 2431 iecerat
860 2372 908 2431 iiii
1037 2380 1077 2433 tn

111 2452 283 2513 Marmoreo
299 2461 420 2514 aeratus
436 2452 569 2514 stridens
584 2454 615 2513 in
629 2454 732 2514 limine
746 2454 844 2514 cardo
857 2489 888 2530 -‚

112 2535 243 2612 Corripit
256 2539 410 2614 extempio
426 2539 540 2598 fessam
554 2539 700 2613 languore
714 2538 861 2615 puellam,

111 2620 149 2681 Et
162 2621 251 2681 simui
269 2620 313 2695 „0
329 2622 419 2682 nobis
435 2638 556 2682 eaerum
571 2627 692 2699 aaput,“
706 2621 806 2696 inquit
820 2624 985 2700 „alumna

112 2706 198 2781 „Non
211 2704 265 2765 tibi
279 2707 489 2781 nequidquam
502 2707 610 2768 viridis
626 2705 818 2783 perviscera
831 2709 943 2784 patior

112 2792 284 2866 „Aegrotas
297 2790 380 2850 tenui
396 2790 524 2852 suffudit
537 2791 686 2867 sanguine
700 2805 807 2862 venas,
1037 2800 1081 2853 225

112 2876 193 2949 „Neo
206 2874 293 2946 levis,
308 2873 368 2934 hoe
380 2876 500 2936 iaceres
511 2890 637 2951 -neque
649 2874 728 2936 enim
741 2880 813 2950 pote
825 2908 847 2947 -,
862 2891 944 2937 cura
955 2878 1082 2954 subegit.

112 2959 219 3033 „Haud
234 2959 332 3032 failor,
350 2960 434 3034 quod
447 2965 481 3020 ut
495 2976 513 3020 n
528 2960 641 3036 potius,
656 2958 855 3031 Rhamnusia,
873 2960 985 3023 iaiiar!
1136 2996 1146 3039 q

111 3044 207 3117 „liam
223 3050 328 3119 quate
342 3058 508 3104 eausanee
523 3044 622 3105 duleis
636 3042 749 3120 peruia
761 3038 880 3104 Bacchi
1016 3090 1031 3127 ,
1138 3052 1148 3103 ,¹

112 3129 193 3201 „Nea
207 3128 354 3203 gravidos
370 3128 488 3189 Cereris
503 3128 604 3189 diuam
618 3127 795 3202 contingere
812 3128 915 3202 fetus;

112 3212 197 3287 „Qua
211 3227 306 3272 eausa
321 3212 361 3271 ad
376 3212 506 3288 patrium
520 3214 618 3274 solam
632 3212 760 3288 vigilare
774 3210 887 3287 cubile,
1039 3224 1089 3279 230

111 3297 280 3373 „Tempore
295 3310 356 3371 quo
372 3297 474 3358 iessas
489 3297 630 3358 mortalia
643 3302 770 3374 pectora
783 3310 887 3367 auras,

112 3380 196 3454 „Quo
210 3379 339 3456 rapidos
353 3380 443 3440 etiam
456 3381 654 3456 requiescunt
667 3378 794 3441 fiumina
809 3390 950 3443 aursus?
1010 3384 1017 3397 ’

31 3422 79 3536 ι
111 3462 189 3543 ‚dtis
203 3464 507 3545 ageuunuut‘tsarae
517 3465 741 3532 autumantia
748 3480 850 3533 aaeqe
859 3466 984 3535 petenti
