2340 4296
108 631 173 697 2⁰6
377 630 409 690 P.
430 630 591 691 vtlttrlhtt
612 630 788 693 MhRONlS

108 788 168 846 Ter
181 790 308 844 conatus
322 782 363 842 ibi
377 784 457 843 collo
472 784 545 843 dare
558 782 684 843 brachia
698 784 827 853 circum
1011 796 1067 853 'loo

109 871 168 929 Ter
182 870 294 928 trustra
308 883 490 945 comprensa
504 883 612 927 manus
627 866 733 941 effugit
746 868 855 943 imago,

108 952 168 1012 Par
181 951 298 1011 levibus
314 953 412 1012 ventis
426 952 604 1026 volucrique
619 951 769 1011 simillima
783 967 902 1011 somno.

150 1037 267 1095 Interea
280 1036 365 1096 videt
378 1039 500 1096 Aeneas
516 1037 546 1094 in
561 1036 641 1094 valle
654 1036 781 1095 reducta

112 1120 272 1181 Scclusum
286 1135 393 1179 nemus
408 1126 439 1179 et
452 1120 580 1193 virgulta
593 1120 734 1179 sonantia
747 1120 852 1193 silvae,

109 1204 344 1278 Lethaeamque,
356 1204 465 1264 donros
477 1203 614 1279 placidas
625 1204 676 1277 qui
688 1210 854 1279 praenatat,
867 1219 1000 1266 amnem.
1012 1216 1067 1273 705

109 1288 196 1347 Hunc
211 1288 323 1347 circum
337 1287 512 1346 innumerae
524 1294 631 1361 gentes
646 1287 812 1362 populique
825 1288 990 1361 volabant;

109 1374 156 1432 Ac
170 1373 254 1431 velut
269 1371 299 1429 in
313 1371 409 1444 pratis
424 1370 475 1430 ubi
490 1386 565 1445 apes
580 1376 695 1429 aestate
710 1385 819 1430 serena

108 1455 249 1515 Floribus
264 1454 399 1513 insidunt
411 1454 505 1512 variis
520 1460 550 1513 et
565 1454 695 1513 candida
709 1455 821 1513 circum

108 1539 186 1597 Lilia
200 1537 371 1612 lunduntur,
387 1538 493 1611 strepit
507 1532 605 1597 omnis
619 1552 769 1596 murmure
780 1554 905 1614 campus

108 1621 266 1681 Horrescit
280 1621 348 1680 visu
363 1620 463 1680 subito
477 1636 651 1696 causasque
665 1622 788 1696 requirit
1011 1632 1067 1689 710

109 1705 227 1765 luscius
242 1707 372 1777 Aeneas,
389 1718 467 1778 quae
481 1705 541 1764 sint
554 1720 592 1765 ea
605 1705 730 1764 flumina
744 1721 845 1780 porro,

109 1788 204 1862 Quive
218 1787 274 1844 viri
288 1794 371 1846 tanto
386 1789 563 1864 complerint
577 1790 695 1863 agmine
708 1791 801 1864 ripas.

108 1872 183 1931 Tum
196 1878 284 1946 pater
296 1870 463 1931 Anchises=
485 1874 642 1947 „Animae
659 1873 769 1947 quibus
784 1873 878 1932 altera
892 1873 954 1934 lato

108 1955 267 2031 „Corpora
282 1955 437 2027 debentur,
452 1957 575 2017 Lethaei
591 1957 631 2016 ad
646 1956 777 2015 fluminis
793 1958 904 2017 undam

107 2038 262 2115 „Securos
276 2040 380 2100 latices
395 2046 426 2099 ct
438 2042 531 2116 longa
544 2041 657 2100 oblivia
671 2048 784 2115 potant.
1010 2051 1065 2108 715

106 2124 192 2199 „Has
208 2124 349 2198 equidem
363 2141 532 2185 memorare
546 2125 598 2184 tibi
613 2131 705 2199 atquc
718 2124 880 2185 ostendere
895 2139 1014 2203 coram,

107 2209 309 2283 „Iampridem
322 2209 400 2268 hanc
415 2209 532 2284 prolem
548 2210 638 2283 cupio
654 2224 830 2268 enumerare
844 2223 994 2285 meorum,

106 2292 193 2365 „Quo
208 2293 305 2368 magis
319 2294 404 2353 ltalia
417 2308 536 2352 mecum
549 2293 660 2352 lactere
673 2297 824 2367 reperta.“
836 2325 879 2339 -

106 2374 150 2452 „0
163 2383 258 2452 pater,
274 2393 352 2436 anne
365 2378 485 2450 aliquas
500 2377 540 2435 ad
555 2377 673 2435 coelum
686 2376 756 2435 hinc
771 2378 814 2435 irc
828 2376 998 2450 putandum
1014 2390 1066 2443 est

106 2458 278 2533 „Sublimes
290 2462 416 2535 animas,
432 2461 600 2534 itemmque
614 2460 654 2518 ad
669 2461 756 2519 tarda
770 2460 878 2518 reverti
1009 2472 1066 2529 720

105 2543 284 2619 „corporat
305 2543 388 2616 Quae
402 2543 479 2603 lucis
493 2544 613 2602 miseris
627 2551 688 2603 tam
703 2545 769 2603 dira
783 2544 942 2618 cupidot“
954 2576 1001 2589 —

105 2627 231 2699 „Dicam
247 2628 399 2702 equidem,
414 2642 472 2685 nec
485 2632 516 2685 te
531 2642 724 2701 suspensum,
738 2635 818 2700 nate,
834 2627 977 2703 tenebo,“

106 2708 240 2786 Suscipit
252 2710 414 2781 Anchises,
429 2716 521 2784 atquc
536 2712 641 2770 ordine
656 2711 775 2785 singula
789 2713 902 2786 pandit.

104 2794 277 2871 „Principio
291 2795 411 2854 coelum
424 2808 460 2852 ac
474 2802 571 2854 terras
586 2810 776 2871 camposque
790 2797 949 2871 liquentes,

104 2878 350 2953 „Lucentemque
363 2876 487 2952 globum
500 2878 604 2938 Lunae
617 2880 795 2954 Titaniaque
809 2887 899 2954 astra,
1007 2892 1065 2948 725

103 2961 255 3039 ,‚spiritus
270 2960 350 3021 intus
365 2960 427 3035 alit,
441 2966 595 3035 totamque
612 2963 712 3022 inlusa
727 2979 782 3038 per
796 2971 878 3022 artus

104 3046 213 3121 „Mem
227 3044 320 3119 agitat
333 3046 444 3105 molem
458 3052 489 3105 ct
501 3062 612 3121 magno
627 3061 662 3105 se
677 3062 806 3122 corpore
820 3047 936 3107 miscet

103 3129 200 3201 „lude
213 3126 370 3187 hominum
385 3130 599 3205 pecudumque
613 3145 710 3205 genus
731 3131 873 3206 vitaeque
886 3132 1063 3213 volantum,

103 3212 163 3285 „Et
176 3226 256 3288 quae
269 3226 439 3272 marmoreo
455 3214 512 3272 lert
525 3221 662 3274 monstra
676 3212 732 3272 sub
747 3230 882 3290 aequore
896 3224 1024 3291 pontus.

103 3296 235 3369 „laureas
250 3301 299 3356 est
312 3294 381 3356 ollis
394 3296 483 3371 vigor
497 3304 528 3356 et
540 3298 684 3357 coelestis
700 3299 786 3373 origo
1005 3306 1064 3369 ⁷³0

103 3378 306 3453 „Seminibus
322 3389 466 3455 quantum
480 3397 541 3441 non
555 3383 650 3443 noxia
664 3396 794 3456 corpora
806 3382 936 3455 tardant,

103 3462 309 3539 „Terrenique
322 3462 467 3525 hebetant
480 3472 565 3525 artus
579 3465 819 3541 moribundaque
833 3466 979 3526 membra.

103 3548 201 3620 „Hinc
215 3556 350 3609 metuunt
363 3549 565 3623 cupiuntque,
590 3550 694 3609 dolent
714 3550 925 3625 gaudentque,
951 3564 1064 3627 ncqtrc

103 3632 293 3709 „Dispiciunt
308 3634 432 3693 clausae
445 3633 579 3694 tenebris
593 3641 623 3694 et
638 3648 760 3693 carcere
774 3648 877 3693 caeco.
948 3640 1062 3709 [auras

104 3715 201 3789 „Quin
217 3726 248 3777 et
261 3732 405 3793 supremo
421 3732 515 3792 quum
528 3719 640 3779 lumine
653 3717 717 3777 vitu
729 3716 857 3793 reliquit,
1002 3726 1085 3786 ¹135·

103 3800 190 3873 „Non
204 3808 304 3861 tamen
319 3817 409 3861 omne
423 3802 533 3861 malum
548 3802 668 3863 miseris
682 3816 739 3861 nec
753 3801 888 3861 maditus
903 3814 1015 3867 omncs

97 3884 297 3963 „corporeae
312 3886 465 3947 excedunt
478 3892 591 3964 pestes,
606 3885 788 3964 penitusque
801 3900 932 3947 necessa
945 3893 997 3948 est
