2326 3780
418 121 613 183 AENEIDOS
634 123 708 182 LlB.
723 123 775 180 Vl.
1011 120 1075 183 209

109 281 239 360 „Tullus
255 280 284 338 in
300 294 384 337 arma
397 277 482 335 viros
498 282 528 335 et
541 277 601 335 iam
616 275 743 335 desueta
756 276 915 351 triumphis

109 365 277 443 „Agmina
314 363 408 435 Quem
423 361 507 421 iuxta
521 361 659 436 sequitur
673 360 832 419 iactantior
845 363 960 435 Ancus,
1022 371 1073 424 815

113 451 223 527 „Nunc
239 461 363 522 quoque
377 446 437 503 iam
451 445 576 504 nimium
590 444 728 519 gaudens
742 443 941 518 popularibus
957 447 1049 507 auris.

114 534 194 610 „Vis
210 541 240 591 et
252 530 433 604 Tarquinios
448 545 538 603 reges
554 530 746 601 animamque
758 529 923 603 superbam

110 618 251 693 „Ultoris
266 614 350 674 Bruti
365 614 530 687 fascesque
544 614 651 672 videre
665 619 830 687 receptos?

115 700 278 778 „Consulis
292 698 452 772 imperium
466 697 515 756 hic
530 698 645 773 primus
662 712 835 771 saevasque
851 712 976 757 secures

112 785 284 863 „Accipiet
301 789 453 856 natosque
468 789 555 857 pater
568 797 650 841 nova
663 780 745 839 bella
759 789 917 840 moventes
1023 790 1075 842 8⁸20

114 870 185 945 „Ad
201 883 333 944 poenam
348 866 476 942 pulchra
490 883 545 941 pro
561 866 698 925 libertate
712 865 843 937 vocabit,

114 954 261 1029 „lnlelixt
284 952 455 1025 Utcumque
469 950 566 1010 serent
580 966 617 1008 ea
632 951 712 1008 lacta
726 950 875 1019 minores;

113 1038 246 1114 „Vincet
260 1052 345 1095 amor
359 1035 475 1110 patriae
490 1035 674 1109 laudumque
690 1034 838 1094 immensa
853 1034 976 1109 cupido.

115 1122 213 1197 „Quin
229 1120 341 1179 Decios
356 1120 538 1192 Drusosque
552 1120 659 1194 procul
674 1135 862 1194 saevumque
877 1118 976 1178 securi

115 1205 273 1281 „Adspice
287 1204 472 1277 Torquatum
487 1210 517 1260 et
530 1203 709 1261 referentem
726 1204 814 1277 signa
828 1202 993 1262 Camillum.
1021 1209 1073 1263 825

111 1290 208 1365 „Illae
223 1295 332 1359 autem,
348 1286 473 1362 paribus
490 1301 568 1358 quas
584 1286 699 1359 fulgere
714 1287 813 1346 cernis
828 1286 859 1346 in
874 1288 974 1361 amriS,

114 1371 312 1448 „Conmrdes
328 1371 447 1428 animae
462 1384 541 1427 nunc
557 1377 586 1427 et
601 1370 672 1428 dum
687 1377 776 1428 nocte
792 1378 975 1445 premuntur,

116 1457 203 1530 „Heu
219 1460 362 1528 quantum
378 1453 454 1511 inter
470 1467 504 1511 se
518 1452 640 1525 bellum,
656 1453 682 1511 si
697 1454 810 1512 lumina
823 1454 904 1513 vitae

112 1532 305 1614 „Attigerint
322 1544 450 1610 quantas
466 1536 548 1594 acies
564 1544 759 1610 stragemque
774 1536 902 1612 ciebunt,

111 1619 309 1698 „Aggeribus
326 1635 417 1679 socer
431 1620 551 1694 Alpinis
566 1627 657 1694 atque
672 1636 742 1678 arce
756 1621 897 1681 Monoeci
1022 1630 1074 1683 830

113 1703 346 1781 „Descendens
363 1720 458 1778 gener
471 1704 612 1762 adversis
627 1690 790 1763 instructus'
804 1705 891 1765 Eois!

112 1789 189 1866 „Na
205 1788 300 1863 pueri,
317 1804 355 1846 ne
370 1795 453 1847 tanta
466 1788 574 1847 animis
590 1788 763 1847 adsuescite
776 1789 867 1861 bella,

112 1874 200 1951 „Neu
215 1873 332 1947 patriae
347 1872 467 1931 validas
482 1872 512 1930 in
527 1873 649 1939 viscera
662 1872 769 1932 vertite
783 1873 883 1941 vires3

111 1958 240 2034 „Tuque
255 1957 346 2032 prior,
362 1963 394 2015 tn
409 1971 510 2032 parce,
527 1971 623 2030 genus
640 1956 692 2031 qui
707 1957 794 2017 ducis
811 1956 949 2033 Olympo,

110 2041 252 2118 „Proiice
266 2042 327 2099 tela
341 2056 442 2113 manu,
459 2040 585 2114 sanguis
601 2048 702 2100 meus!
765 2077 769 2085 ·
1021 2051 1071 2104 etta

108 2125 188 2202 „ille
203 2125 387 2199 triumphata
402 2125 551 2199 Capitolia
565 2124 606 2183 ad
620 2126 680 2183 alta
695 2124 837 2184 Corintho
948 2196 950 2201 ¹

110 2209 241 2285 „Victor
255 2215 324 2282 aget
338 2223 468 2282 currum,
485 2208 584 2267 caesis
600 2208 728 2283 insignis
742 2209 878 2269 Achivis.

112 2291 229 2368 „Eruet
242 2292 293 2350 ille
305 2293 407 2366 Argos
422 2293 744 2368 Agamemnoniasque
758 2293 914 2369 Mycenae,

112 2375 301 2450 „Ipsumque
316 2376 482 2449 Aeaciden,
497 2392 595 2450 genus
610 2377 818 2451 armipotentis
833 2377 951 2453 Achilli,

110 2458 222 2535 „Ultus
239 2474 315 2516 avos
330 2459 447 2532 Troiae,
461 2461 575 2536 templa
590 2468 619 2520 et
632 2469 779 2520 temerata
792 2462 957 2521 Minervae.
1019 2472 1073 2527 Mo

110 2541 208 2620 „Quis
224 2548 262 2615 te,
277 2557 386 2615 magne
401 2542 483 2614 Cato,
498 2545 629 2618 tacitum,
646 2553 696 2605 aut
709 2553 748 2621 te,
768 2547 873 2618 Cosse,
888 2546 1059 2623 relinquat?

110 2627 208 2704 „Quis
224 2624 353 2684 Gracchi
367 2641 474 2700 genus,
491 2635 541 2688 aut
555 2630 702 2703 geminos
720 2630 781 2690 duo
796 2630 921 2690 lulmina
935 2631 1014 2703 belli,

109 2711 306 2788 „Scipiadas
325 2711 444 2769 cladem
456 2711 582 2789 Libyae,
598 2730 761 2789 parvoque
776 2721 929 2789 potentem

109 2794 312 2872 „Fabricium
327 2795 378 2853 vel
392 2800 422 2853 te
437 2796 533 2870 sulco,
549 2796 689 2871 Seriane,
705 2804 877 2857 serentem?

109 2878 197 2955 „Quo
214 2880 331 2939 lessum
345 2879 461 2953 rapitiS,
475 2878 582 2939 Fabiu
602 2883 646 2941 Tu
660 2881 811 2941 Maximus
826 2883 876 2940 ille
891 2897 934 2953 es,
1018 2889 1070 2943 845

110 2963 218 3039 „Unus
234 2964 285 3036 qui
299 2963 389 3022 nobis
406 2966 577 3024 cunctando
592 2965 727 3025 restituis
742 2982 816 3024 rem.

109 3046 293 3122 „Excudent
307 3046 357 3106 alii
373 3048 521 3123 spirantia
536 3050 657 3109 mollius
673 3065 754 3122 aera,

110 3129 230 3207 „Credo
246 3130 505 3205 equidem,'vivos
522 3133 632 3192 ducent
647 3134 686 3192 de
700 3148 851 3192 marmore
865 3132 975 3207 vultus

107 3212 267 3291 „Orabunt
282 3230 391 3275 causas
406 3216 524 3291 melius,
541 3214 681 3293 coelique
696 3224 813 3276 meatus

109 3296 311 3375 „Describent
325 3299 412 3358 radio
428 3307 459 3359 et
473 3302 628 3376 surgentia
643 3301 748 3361 sidera
761 3301 886 3370 dicent,
1030 3308 1092 3356 <aaa

108 3381 172 3460 „Tu
186 3397 294 3455 rogere
306 3384 435 3459 imperio
445 3387 595 3465 populos,
610 3388 768 3465 Romane,
779 3393 969 3446 memento·-

148 3480 306 3524 rmcrrrus.
861 3477 908 3532 th
