2340 4296
350 668 572 732 GEORGICON
592 670 664 732 Lm.
685 672 722 733 11.

55 824 226 887 Rhaeticat
253 836 312 883 nec
326 822 412 883 cellis
426 823 498 884 ideo
513 824 664 884 contende
678 824 824 884 Falernis.

56 910 134 971 Sunt
147 913 178 968 et
191 907 360 967 Aminneae
372 908 641 967 vites-limnissima
657 908 736 979 vina,

55 992 190 1055 Tmolius
205 992 339 1067 assurgit
352 992 465 1068 quibus
480 999 510 1051 et
523 1008 578 1051 rex
593 992 661 1067 ipse
674 991 858 1065 Phanaeus,

54 1077 234 1153 Argitisque
247 1076 355 1145 minor,
371 1076 420 1137 cui
435 1092 496 1135 non
511 1077 674 1137 certaverit
685 1078 749 1136 ulla

54 1166 117 1225 Aut
130 1168 247 1221 mnurm
261 1159 358 1221 fluere
370 1168 425 1221 aut
438 1160 564 1221 totidem
579 1161 689 1221 durare
703 1175 759 1237 per
771 1175 879 1221 annos.
962 1172 1013 1225 loo

53 1246 122 1307 lion
137 1259 197 1321 ego
211 1252 251 1317 te,
268 1242 317 1305 dis
332 1252 363 1305 et
375 1246 491 1305 mensis
505 1252 633 1321 accepta
647 1246 802 1316 secundis,

53 1329 250 1402 Transierim,
264 1329 395 1401 Rhodia,
411 1337 442 1390 et
454 1330 588 1401 tumidis,
604 1330 759 1401 Bumaste,
773 1330 913 1389 racemis.

54 1415 119 1477 Sed
130 1429 243 1490 neque,
259 1430 351 1489 quam
361 1415 475 1475 multae
487 1415 618 1490 species,
634 1429 699 1487 nec,
716 1416 840 1475 nomina
850 1429 930 1489 quae
941 1414 1011 1487 sint,

52 1500 110 1563 Est
123 1514 286 1569 numerus;
313 1498 508 1573 nequeenim
522 1514 648 1559 numero
669 1499 889 1575 comprendere
903 1500 1011 1559 refert:

54 1584 153 1659 Quem
168 1584 222 1659 qui
236 1584 317 1645 scire
330 1584 413 1661 velit,
434 1582 542 1663 Libyci
557 1584 632 1643 velit
645 1584 790 1659 aequoris
804 1582 886 1643 idem
961 1593 1011 1646 loa

53 1668 183 1731 Discere
198 1684 291 1744 quam
305 1668 417 1727 multae
427 1668 571 1747 Zephyro
585 1667 742 1728 turbentur
756 1682 877 1743 menae,

55 1758 126 1825 Aut,
141 1751 194 1813 ubi
209 1751 340 1827 navigiis
357 1754 517 1812 violentior
531 1752 636 1812 incidit
649 1754 758 1827 Eurus,

54 1834 165 1909 Nosse,
181 1842 258 1913 quot
270 1836 346 1895 lonii
362 1837 486 1897 veniant
500 1838 540 1897 ad
555 1838 643 1897 litora
658 1836 778 1897 fluctus.

97 1920 160 1981 lice
173 1934 248 1981 vero
263 1927 363 1981 terrae
377 1922 456 1981 lerre
470 1936 577 1981 omncs
592 1922 694 1979 omnia
708 1929 848 1997 possunt.

58 2000 243 2065 Fluminibus
258 2005 379 2079 salices,
396 2005 573 2079 crassisque
588 2004 751 2079 paludibus
766 2006 826 2064 alni
961 2014 1013 2067 llo

59 2086 235 2163 Nascuntur,
250 2090 371 2149 steriles
385 2090 508 2149 saxosis
523 2088 675 2148 montibus
691 2088 773 2157 omi;

58 2168 162 2231 Litora
172 2172 310 2253 myrtetis
324 2172 506 2241 laetissima;
530 2172 662 2249 denique
676 2180 800 2248 apertos

58 2254 197 2319 Bacchus
211 2265 293 2319 amat
307 2260 412 2332 colles,
427 2258 611 2332 Aquilonem
626 2263 656 2317 et
670 2258 784 2331 frigora
797 2256 870 2315 taxi.

49 2340 195 2417 ‚Adspice
209 2351 240 2404 et
253 2344 397 2403 extremis
413 2344 559 2403 domitum
574 2340 740 2401 cultoribus
756 2340 870 2413 orbem,

54 2424 201 2501 ansque
215 2427 325 2488 domos
339 2427 475 2487 Arabum
489 2427 651 2504 pictosque
667 2426 817 2486 Gelonos=
962 2432 1011 2483 115

53 2510 181 2572 Divisae
194 2510 356 2573 arboribus
371 2513 496 2588 patriae.
525 2511 600 2573 Sola
613 2511 700 2571 India
715 2510 833 2587 nigrum

53 2592 126 2655 liert
139 2594 279 2667 ebenum,
302 2597 378 2658 solis
394 2604 442 2658 est
454 2604 541 2658 turea
553 2598 641 2671 virga
656 2595 794 2657 Sabaeis.

54 2678 135 2753 Quid
147 2679 202 2740 tibi
216 2680 346 2742 odorato
361 2682 491 2741 reseram
508 2681 650 2742 sudantia
664 2681 746 2755 ligno

53 2764 260 2840 Balsamaque
275 2772 305 2825 et
318 2765 430 2825 baccas
445 2780 568 2840 semper
582 2764 751 2824 frondentis
767 2764 907 2824 acantlrit

55 2847 135 2921 Quid
149 2863 276 2909 nemora
288 2850 483 2925 Aethiopum,
502 2848 586 2909 molli
600 2850 739 2908 canentia
754 2849 832 2918 lana,
962 2854 1013 2907 tao

54 2932 242 3007 velleraque
258 2941 289 2993 ut
303 2935 384 2994 iuliis
400 2936 581 3010 despectant
594 2933 696 2993 tenuia
710 2932 819 3001 Seres3

55 3018 118 3075 Aut
133 3031 212 3091 qaros
229 3016 352 3078 Oceano
368 3020 494 3093 propior
508 3018 585 3093 gerit
597 3016 685 3077 india
697 3017 794 3087 lucos,

54 3100 192 3160 Extremi
205 3101 293 3163 sinus
307 3102 400 3171 orbis,
421 3102 471 3162 ubi
487 3106 560 3163 aera
573 3102 696 3164 vincere
709 3116 859 3163 summum

55 3184 185 3245 Arboris
196 3185 280 3246 baud
294 3187 373 3247 ullae
388 3188 466 3247 iaetu
483 3192 609 3262 potuere
623 3186 766 3263 sagittae-

55 3268 96 3327 Et
108 3284 185 3343 gens
201 3270 252 3329 illa
267 3272 390 3345 quidem
404 3272 511 3331 sumtis
525 3286 587 3331 non
601 3270 690 3331 tarda
704 3270 896 3347 pharetris-l
960 3274 1011 3327 lta

55 3352 160 3413 Media
174 3355 232 3414 ient
244 3354 347 3416 tristes
362 3371 473 3416 succos
487 3355 668 3431 tardumque
682 3370 827 3431 saporem

54 3436 166 3497 Felicis
182 3440 262 3510 mali,
278 3455 339 3515 quo
355 3455 416 3501 non
431 3441 622 3517 praesentius
636 3439 739 3511 ullum,
907 3506 910 3511 ,

55 3517 171 3581 Pocula
185 3524 211 3583 si
227 3524 351 3599 quando
366 3539 480 3585 saevae
494 3524 627 3585 iniecere
642 3538 794 3585 novercae

56 3604 306 3683 Miscueruntque
319 3608 431 3670 herbas
445 3617 551 3670 elnon
565 3609 690 3669 innoxia
705 3606 810 3675 verba,

55 3690 213 3751 Auxilium
225 3694 318 3766 venit,
334 3708 371 3754 ao
384 3693 528 3754 membris
543 3694 605 3770 agit
619 3700 684 3753 atra
696 3704 826 3751 venena.
962 3694 1012 3751 tdtl

55 3772 130 3848 ipsa
143 3774 252 3851 ingens
266 3777 359 3839 arbos
374 3778 546 3854 laeiemque
559 3777 711 3837 simillima
724 3776 821 3847 lauro,

55 3854 103 3929 Et,
119 3859 145 3917 si
161 3875 222 3920 non
237 3862 329 3922 alium
343 3862 403 3922 iate
418 3862 543 3922 iactaret
556 3860 693 3931 odorem,

56 3938 175 4003 Laurus
190 3952 271 4016 erat;
293 3946 367 4005 lolia
380 3946 463 4007 haud
478 3947 549 4007 ullis
562 3944 696 4004 labentia
709 3944 818 4010 ventis.
