2326 3780
146 234 209 301 276
417 231 450 291 P.
470 228 635 290 VIRGlLll
657 230 863 295 MARONis

146 389 251 465 „Bella
265 384 362 461 sequi,
377 390 429 444 aut
440 382 561 443 hostem
573 382 641 456 regi
658 399 698 443 se
714 385 847 449 inlerre
862 386 1014 447 Latinot-

146 472 281 548 „ltaliam
295 470 380 546 petiit
393 468 462 527 latis
477 466 671 527 auctoribus=
696 478 797 542 esto;

145 554 358 633 „Cassandrae
373 552 522 628 impulsus
537 550 639 610 iuriis=
664 568 750 613 num
766 556 922 632 linquere
936 562 1012 615 casm

147 639 282 716 „Hortati
297 654 412 709 sumus,
428 642 481 695 aut
495 636 587 694 vitam
602 638 816 699 committere
832 640 959 701 ventis?

148 724 244 800 „Num
258 738 353 798 puero
368 735 516 781 summam
529 718 610 789 belli,
627 734 706 779 num
722 724 871 784 credere
887 738 992 788 muros
1039 716 1044 728 '

148 806 416 884 „Tyrrhenamque
430 803 523 863 iidem
537 809 589 861 aut
602 810 719 876 gentes
735 808 872 881 agitare
889 808 1012 885 quietast

150 891 241 968 „Quis
257 890 334 949 deus
349 889 379 947 in
394 888 540 959 fraudem,
558 900 636 960 quae
652 886 739 948 dura
756 892 914 965 potentia
927 890 1008 951 nostri

150 976 258 1050 „Egitt
278 972 329 1032 ubi
342 972 393 1031 hic
407 972 482 1030 luno
497 971 674 1029 demissave
690 972 846 1036 nubibus
862 976 945 1037 Iris?
956 1006 993 1019 -

149 1059 328 1133 „Indignum
342 1063 398 1127 ost,
413 1056 506 1114 Italos
520 1054 640 1113 ihoiam
654 1055 875 1119 circumdare
890 1058 1009 1119 ilmnmis
1047 1119 1050 1130 ,

151 1143 359 1218 „Nascentem
374 1146 405 1199 ot
418 1139 516 1214 patria
528 1137 659 1196 Tamum
675 1141 875 1204 consistere
889 1151 978 1217 terra,
1043 1133 1051 1181 *¹

150 1226 224 1301 „Cui
238 1225 393 1284 Pilumnus
408 1237 495 1295 avus,
512 1222 560 1281 cui
575 1221 648 1280 diva
661 1222 802 1285 Venilia
817 1236 940 1287 mater:

151 1308 258 1385 „Quid
273 1309 341 1366 lace
354 1306 503 1366 Troianos
518 1312 584 1365 atra
595 1305 658 1363 vim
674 1306 764 1367 serre
780 1310 923 1383 Latinis,

151 1398 254 1468 „Arva
268 1391 368 1450 aliena
382 1391 453 1464 iugo
468 1405 605 1465 premere
620 1395 718 1461 atque
734 1402 895 1455 avertere
910 1355 1056 1508 praedat}

152 1475 258 1551 „Quid
274 1490 401 1535 soceros
416 1476 517 1548 legere
532 1480 562 1531 et
574 1472 700 1547 gremiis
717 1475 897 1539 abducere
912 1486 1020 1555 pactas:
1053 1513 1056 1522 -

152 1559 281 1637 „Pacem
296 1574 384 1619 omre
398 1574 498 1629 manu,
515 1556 686 1632 praefigere
702 1560 883 1635 puppibus
899 1568 1035 1622 armat-
1049 1569 1054 1586 ¹

153 1644 216 1719 „Tu
230 1651 320 1719 potes
335 1645 462 1702 Aenean
476 1640 615 1699 manibus
631 1639 824 1705 subducere
842 1646 980 1711 Graium,

153 1729 292 1804 „Proque
304 1726 372 1786 viro
386 1724 528 1785 nebulam
542 1730 572 1783 et
585 1730 696 1783 ventos
714 1725 908 1806 obtendere
924 1732 1024 1791 inanes

153 1814 210 1887 „Et
225 1821 312 1887 potes
327 1812 358 1869 in
372 1809 499 1870 totidem
512 1809 645 1867 classem
659 1820 862 1874 convertere
878 1813 1031 1891 nympha

78 1908 84 1921 ·
154 1898 235 1972 „Nos
251 1894 366 1969 aliquid
381 1894 509 1953 Rutulos
524 1892 779 1969 conualuisse,
797 1899 979 1959 uelandum
991 1897 1061 1955 estt‘·

154 1983 297 2055 „Aeneas
312 1980 437 2053 ignarus
452 1976 555 2037 abest:
578 1976 701 2050 ignarus
717 1984 752 2037 et
767 1978 878 2042 absit:
1053 1992 1064 2054 'r

155 2065 229 2139 „Est
242 2062 365 2138 Paphus
380 2062 569 2134 idaliumquc
585 2060 646 2133 tibi,
662 2066 736 2119 sum
752 2063 822 2122 alta
840 2065 989 2143 Cythera.
1059 2125 1063 2144 ,

156 2148 253 2223 „Quid
268 2146 426 2221 gravidam
439 2143 528 2205 bellis
543 2143 649 2204 urbem
663 2148 694 2201 et
708 2145 816 2206 corda
833 2164 959 2227 aspera
969 2149 1065 2207 tenuf':

155 2232 278 2307 „Nosne
291 2229 346 2289 tibi
360 2229 461 2289 iluxas
475 2228 625 2304 Phrygiae
639 2242 690 2285 res
704 2236 842 2291 vertere
859 2234 962 2294 iundo

156 2317 347 2391 „conamurt
367 2329 442 2384 nos;
464 2328 504 2372 an
518 2312 648 2371 miseros
663 2310 717 2384 qui
731 2311 842 2375 'l'roas
859 2317 993 2379 Achivis

156 2398 316 2475 „Obieoitt
337 2397 421 2472 Quae
435 2412 529 2456 causa
543 2396 606 2467 luit,
623 2409 823 2469 consurgere
840 2400 877 2460 in
895 2418 982 2461 amsa
1055 2413 1066 2474 '3

156 2483 391 2558 „Europamque
404 2480 574 2553 Asiamque
589 2485 618 2537 et
634 2477 765 2538 foedera
782 2484 923 2546 solvere
938 2486 1026 2545 lurtot
1062 2479 1066 2488 '

156 2566 225 2642 „hle
240 2566 319 2625 duce
332 2564 505 2624 Dardanius
521 2562 662 2638 Spartam
677 2570 889 2639 expugnavit
904 2570 1022 2631 adulter.
1063 2597 1068 2648 ς

157 2650 237 2725 „Aut
252 2663 309 2723 ego
324 2648 385 2707 tela
399 2648 480 2719 dedi,
496 2648 601 2708 iovive
616 2645 766 2720 cupidine
781 2647 902 2713 hellae

155 2733 249 2809 „Tum
264 2731 365 2790 decuit
378 2732 524 2793 metuisse
537 2732 614 2799 tuis3
637 2744 719 2788 nunc
734 2744 814 2792 sera
831 2738 977 2811 querelis

157 2816 267 2892 „Haud
280 2815 368 2875 iustis
384 2817 531 2891 assurgis,
546 2822 576 2875 et
590 2812 673 2873 irrita
687 2812 793 2887 iurgia
808 2818 951 2881 iactas.“

155 2899 279 2960 Talibus
294 2898 497 2970 embolium,
513 2898 675 2971 cunctique
689 2896 878 2965 tremebant

157 2984 329 3045 Coelicolae
343 3000 475 3043 assensu
488 2982 591 3043 vario=
614 2996 671 3042 ceu
685 2978 823 3046 flamina
837 2988 949 3065 prima
1065 2999 1068 3018 ¹

156 3068 255 3142 Quum
269 3068 422 3143 deprensa
436 3068 567 3127 fremunt
581 3065 668 3125 silvis
683 3071 714 3125 et
729 3080 836 3131 caeca
850 3074 996 3137 volutant

155 3150 317 3225 Murmura,
332 3158 478 3211 venturos
491 3151 592 3211 nautis
606 3148 774 3226 prodentia
788 3164 928 3219 ventos.
1067 3224 1069 3230 ,

154 3236 230 3294 Tum
244 3242 331 3310 pater
346 3236 547 3311 omnipotens,
562 3250 663 3293 rerum
678 3233 728 3293 cui
744 3250 883 3303 summa
898 3250 1032 3321 pompm,
1053 3231 1069 3286 t

156 3319 225 3377 lnllt
238 3351 250 3360 -
265 3334 302 3379 eo
318 3318 437 3397 dicente
452 3319 544 3379 deum
559 3318 670 3377 domus
685 3320 748 3378 alta
763 3320 899 3389 silescit

156 3402 193 3459 Et
206 3403 382 3463 tremefacta
395 3404 462 3464 solo
477 3403 577 3475 tellus,
593 3402 662 3461 silet
676 3403 800 3465 arduus
818 3410 947 3489 aether,
1068 3453 1070 3460 ·

153 3484 233 3549 Tum
245 3485 385 3565 Zephyri
394 3502 544 3565 posuere,
552 3485 667 3557 prema
676 3486 813 3555 padda
826 3508 977 3574 ωψοη
987 3494 1070 3575 1)th
