2340 4296
409 648 606 711 00000000
627 649 701 711 ntn.
715 650 785 711 rx.»
1007 648 1071 735 000

108 804 205 867 Filius
218 802 290 863 hnic
303 810 419 877 00000,
433 807 556 878 torquet
568 802 621 877 qui
635 803 740 863 sidera
752 802 873 863 mnndi:

109 888 155 966 „0
170 888 319 964 genetrix,
334 902 397 963 quo
411 886 475 947 lata
488 902 593 961 vocas,
608 895 662 948 aut
675 887 751 962 quid
765 887 845 963 petis
859 887 948 950 istist

109 972 290 1051 „lllortaline
303 988 396 1031 00000
410 971 510 1031 laetae
524 971 692 1031 immortale
707 972 830 1032 carinae
1036 982 1072 1039 95

109 1056 190 1135 „Fas
204 1055 345 1130 habeant,
361 1062 525 1130 certusque
538 1055 654 1115 incerta
668 1056 804 1132 pericula
814 1056 922 1118 lustret

109 1144 277 1219 „Aeneast
297 1139 351 1201 Cui
365 1144 450 1203 10010
462 1140 523 1199 deo
536 1140 690 1215 permissa
703 1147 863 1216 potestant

109 1227 235 1303 „lmmo‚
250 1222 302 1286 ubi
317 1224 480 1285 defunctae
492 1223 585 1283 linem
598 1230 769 1300 portusque
782 1224 927 1285 10000001

110 1310 288 1387 ,Ausonios
302 1308 384 1382 olim,
400 1322 614 1383 quaecumque
627 1310 762 1369 evaserit
775 1309 866 1370 undis

109 1394 378 1472 „Dardaniumque
392 1392 502 1453 ducem
514 1391 679 1453 Laurentia
692 1394 811 1455 vexerit
823 1409 908 1470 arva,
1020 1402 1073 1457 100

108 1478 288 1557 ,0000101000
302 1476 430 1553 eripiam
444 1477 582 1547 sormam,
598 1477 761 1551 magnique
776 1476 889 1539 iubebo

107 1562 283 1640 „Aequoris
297 1576 370 1623 0000
384 1561 470 1635 deas,
486 1560 586 1637 qualis
600 1560 711 1620 Nereia
724 1561 804 1622 Dato

107 1647 166 1724 „Et
180 1647 307 1707 Galatea
321 1651 429 1707 secant
442 1652 635 1720 spumantem
648 1652 775 1720 pectore
787 1650 945 1721 pontum.“

106 1730 243 1803 Dixerat,
259 1732 353 1806 idque
365 1736 465 1790 ratum
479 1727 579 1805 Stygii
592 1743 649 1803 per
662 1726 789 1790 flumina
802 1730 913 1807 lratris,
1003 1764 1008 1771 -

107 1814 168 1875 Per
181 1816 251 1891 pice
265 1820 417 1875 torrentes
431 1820 559 1888 atraque
574 1813 719 1888 voragine
732 1814 816 1889 ripas
1020 1822 1072 1877 lun

107 1899 233 1973 Annuit,
248 1905 279 1959 et
292 1904 390 1959 totum
403 1904 478 1957 nutu
491 1896 660 1957 tremelecit
674 1896 847 1972 Olympum.

107 1982 191 2055 Ergo
207 1982 314 2043 aderat
327 1982 482 2058 promissa
495 1980 573 2055 dies,
588 1988 619 2042 et
631 1989 771 2055 tempora
784 1980 900 2041 Parcae

108 2064 220 2125 Debita
233 2066 435 2142 complerant:
457 2082 551 2142 quum
564 2065 655 2127 Turni
670 2065 779 2125 iniuria
791 2064 920 2125 Matrem

109 2147 279 2211 Admonuit
290 2148 406 2211 ratibus
420 2148 519 2211 sacris
533 2149 688 2224 depellere
702 2150 821 2209 medas.

109 2232 169 2293 Hic
184 2233 312 2308 primum
327 2248 410 2295 nova
421 2234 475 2294 lux
490 2234 588 2294 oculis
603 2232 726 2305 offulsit,
741 2239 772 2293 01
785 2234 894 2307 ingens
1019 2240 1071 2295 ltu

109 2316 207 2377 Visus
222 2316 261 2377 ab
275 2320 397 2379 Aurora
410 2318 531 2378 coelrun
544 2324 751 2377 transcurrere
764 2316 895 2390 nimbus,

107 2401 257 2477 Idaeique
271 2401 372 2472 chori;
394 2408 458 2463 tum
470 2417 535 2462 vox
547 2401 702 2462 horrenda
716 2417 773 2476 per
787 2416 879 2461 auras
987 2444 991 2452 .

106 2485 231 2547 Excidit
243 2492 274 2545 et
287 2486 398 2547 1000000
410 2486 653 2560 Rutulorumque
668 2487 790 2561 agmim
803 2484 951 2560 complete

107 2570 173 2645 „lle
185 2570 337 2645 trepidate
350 2586 447 2643 00000,
462 2570 578 2643 Teucri,
593 2570 761 2631 defendere
775 2584 882 2644 00000,

107 2654 213 2731 „Neve
226 2661 342 2715 armate
354 2669 479 2715 manus:
501 2653 597 2714 maria
610 2662 681 2715 0010
694 2669 824 2715 exurere
837 2653 948 2723 Turno,
1018 2660 1071 2715 115

107 2736 226 2815 „Quam
239 2754 346 2799 sacras
361 2738 482 2799 dabitur
495 2739 597 2814 pinus.
630 2740 698 2799 Vos
712 2739 754 2799 ite
768 2739 896 2810 solutae,

109 2820 175 2896 „lte
189 2821 266 2883 deae
279 2822 398 2899 pelagi:
418 2823 557 2898 genetrix
571 2821 682 2884 iubet.“
716 2822 755 2884 lit
767 2838 825 2883 sua
839 2828 981 2898 quaeque

110 2904 259 2966 Continuo
273 2922 397 2983 puppes
411 2907 594 2983 abrumpunt
606 2907 729 2967 vincula
743 2907 829 2982 ripis,
1007 2916 1011 2925 '

107 2986 354 3065 Delphinumque
368 2990 461 3051 modo
476 2991 626 3052 demersis
640 3006 778 3066 aequora
790 2990 898 3051 0001000

108 3072 174 3133 lma
187 3081 307 3148 petunt;
330 3074 401 3134 hinc
415 3074 571 3149 virgineae
585 3108 598 3119 -
613 3075 750 3135 mirabile
763 3082 971 3137 0000000000-
1017 3082 1072 3137 110

106 3156 253 3218 Reddunt
267 3174 303 3219 se
317 3157 443 3219 totidem
457 3159 553 3219 iacies
568 3167 726 3236 pontoque
740 3161 885 3234 seruntur,

107 3240 201 3317 [0001
215 3243 300 3317 prius
315 3250 439 3304 aeratae
452 3250 599 3305 steterant
610 3244 653 3305 ad
666 3244 756 3305 litora
769 3248 903 3320 prorae]

151 3322 344 3401 Obstupuere
357 3326 449 3387 animi
462 3328 595 3398 Rutulis;
619 3328 800 3392 conterritus
814 3328 884 3423 ipse

104 3408 249 3471 Turbatis
262 3411 427 3487 Messapus
441 3413 546 3487 0000000
569 3418 727 3474 0000010100
741 3419 771 3472 01
784 3411 883 3471 000000

104 3494 217 3555 Rauca
229 3508 345 3555 sonans
359 3503 546 3571 revocatque
561 3496 672 3572 pedem
685 3495 844 3557 Tiberinus
859 3491 898 3553 ab
913 3493 1069 3557 0010110

104 3582 150 3641 At
164 3594 227 3639 non
241 3578 351 3639 audaci
364 3579 464 3641 Turno
479 3580 593 3643 llducla
606 3580 716 3651 cessit,

103 3662 195 3725 Ultro
210 3663 329 3723 animos
340 3664 422 3725 tollit
434 3664 533 3735 dictis,
548 3672 640 3739 atquc
655 3664 793 3737 increpat
805 3661 899 3721 ultro:

104 3747 277 3823 „Troianos
291 3747 368 3807 haec
382 3756 519 3809 monstra
532 3754 646 3825 petunt,
661 3748 710 3809 his
724 3746 839 3821 lupitcr
851 3746 921 3821 ipse

105 3832 284 3909 „Auxilium
299 3832 422 3893 solitum
437 3833 562 3909 eripuit;
585 3848 646 3893 non
660 3833 722 3892 tela
736 3845 837 3907 neque
851 3829 941 3905 ignes

103 3917 319 3995 „Exspectant
333 3916 472 3979 Rutulos.
505 3917 586 3995 Ergo
602 3914 961 3986 mariainsia'ieucris,
1040 3912 1103 3967 m
