2326 3780
129 234 193 299 elo
402 230 436 293 P.
457 228 622 291 VIRGILII
641 228 829 294 honorus

129 386 272 449 Suliosso
285 385 444 446 revolutus
459 398 541 460 equo
556 382 630 444 dum
643 382 771 461 colligit,
788 384 877 445 alter

127 473 207 532 Dum
221 470 302 531 subit
315 485 353 530 ac
368 469 507 529 dextram
521 466 635 527 labenti
648 467 748 527 tendit
763 467 939 548 inermem,

126 555 317 630 Praecipites
328 544 504 631 pariterque
517 548 623 627 ruunt·
646 552 701 613 His
717 552 808 613 addit
822 552 1018 618 Amastrum
1146 536 1151 651 s

128 638 335 715 Hippotaden,
351 637 551 713 sequiturque
564 636 745 697 incumbens
762 638 898 701 eminus
914 641 1012 703 haste
1057 647 1096 703 til

129 724 287 796 Tereaque
296 722 567 801 Harpalycumque
578 720 859 798 etDemophconta
871 724 1095 803 Chrominque,

3 808 12 827 ⁸
129 808 269 882 Quotque
284 807 399 867 emissa
416 822 508 867 manu
522 804 670 867 contorsit
684 805 809 882 spicula
821 808 937 887 virgo,

128 892 184 951 Tot
196 890 320 967 Phrygii
336 891 476 951 cecidere
488 889 557 949 viri.
584 888 694 951 Procul
709 887 852 968 Ornytus
870 895 976 956 armis

128 976 244 1051 ignotis
259 982 289 1034 et
303 991 385 1051 equo
399 980 530 1051 venator
543 974 662 1051 Iapyge
675 974 781 1051 lertur,

130 1060 184 1119 Cui
198 1059 288 1134 pellis
303 1059 383 1119 latos
396 1058 542 1120 humeros
556 1066 663 1135 erepta
676 1058 811 1119 iuvenco

128 1143 290 1218 Pugnatori
306 1143 413 1218 operit,
429 1149 522 1219 caput
535 1144 645 1218 ingens
660 1142 723 1203 oris
736 1142 845 1204 hiatus

128 1228 166 1287 Et
179 1226 278 1285 malae
291 1233 397 1286 texere
410 1227 475 1302 lupi
491 1242 560 1287 cum
575 1225 717 1288 dentibus
733 1226 825 1301 albis,

128 1310 330 1385 Agrestisque
345 1326 454 1371 manus
469 1317 567 1371 armet
581 1327 709 1388 sparus;
731 1310 803 1387 ipse
819 1315 969 1376 catervis

128 1394 261 1454 Vertitur
274 1395 305 1454 in
319 1395 439 1470 mediis,
455 1402 485 1456 et
497 1401 562 1456 toto
576 1396 692 1456 vertice
707 1411 805 1471 supra
820 1404 886 1457 est.

127 1478 216 1538 Hunc
231 1478 283 1538 ille
297 1486 460 1556 exceptum
474 1511 487 1525 ·
501 1495 603 1555 neque
618 1481 699 1540 enim
713 1478 803 1539 labor
817 1482 955 1557 agmine
970 1500 1083 1545 verso-

128 1563 256 1638 Traiicit,
271 1571 301 1624 et
316 1563 501 1639 superhaec
514 1564 637 1625 inimico
652 1570 779 1641 pectore
790 1564 894 1626 lature
1058 1578 1099 1633 sss

128 1647 240 1722 „Silvis
255 1654 294 1723 te,
308 1647 474 1725 Tyrrheno,
489 1648 573 1709 ieras
587 1649 702 1724 agitare
715 1649 857 1724 putastis

44 1810 48 1817 Ι
128 1733 282 1808 „Advenit
297 1732 349 1808 qui
364 1739 467 1794 vestra
482 1733 550 1793 dies
564 1732 763 1795 muliebribus
778 1734 880 1795 armis

130 1816 256 1892 „Verba
269 1817 468 1893 redarguerit.
495 1817 613 1897 Nomen
627 1825 729 1878 tamen
743 1818 829 1877 haud
844 1818 924 1881 leve
939 1832 1064 1900 patrum
1149 1829 1153 1865 ¹

128 1901 289 1977 „Manibus
303 1900 364 1962 hoc
377 1902 503 1976 referes,
518 1901 580 1962 telo
596 1903 748 1962 cecidisse
762 1901 953 1965 Camillae.“
1151 1960 1155 1985 ἱ

127 1985 276 2061 Protenus
288 1982 481 2046 Orsilochum
495 1986 641 2060 etButen,
657 1987 720 2047 duo
734 1985 874 2047 maxima
881 1990 1044 2055 Teucrum
1056 2000 1102 2057 600
1152 2006 1155 2014 “

128 2060 274 2146 corpora,
291 2069 349 2130 sed
362 2068 460 2130 Buten
475 2072 619 2130 aversum
633 2069 764 2146 cuspide
777 2068 847 2130 lixit

126 2154 266 2215 Loricam
280 2154 461 2230 galeamque
474 2154 561 2228 inter,
577 2171 639 2229 qua
652 2155 734 2215 colla
746 2154 891 2216 sedentis

126 2237 250 2313 Lucent,
266 2245 297 2299 et
310 2239 399 2299 laevo
414 2238 571 2314 dependet
583 2254 691 2313 parma
704 2241 838 2309 lacerem

128 2319 320 2383 Orsilochum
333 2322 456 2398 lugiens
470 2338 677 2401 magnumque
692 2322 806 2398 agitata
819 2338 881 2398 per
896 2326 1012 2389 orbem
1156 2390 1159 2396 ,

126 2404 229 2466 Eludit
242 2410 320 2483 gyro
336 2406 472 2483 interior,
488 2407 689 2484 sequiturque
704 2412 900 2485 sequentem,
1053 2422 1099 2477 695
1155 2426 1160 2507 ξ

125 2488 199 2548 Tum
214 2490 349 2551 validam
362 2505 481 2568 perque
494 2506 581 2551 arma
592 2490 661 2551 viro
676 2506 795 2568 perque
809 2506 889 2553 ossa
905 2498 1054 2573 securim,

125 2572 225 2633 Altior
239 2589 419 2651 exsurgens,
435 2575 534 2636 oranti
550 2581 580 2636 et
593 2576 688 2637 multa
700 2575 840 2652 precanti

126 2654 338 2732 congeminat:
357 2660 472 2720 vulnus
486 2659 588 2720 calido
602 2658 682 2736 rigat
697 2674 752 2720 ora
766 2658 911 2721 cerebro.

124 2739 235 2801 Incidit
246 2740 326 2817 huic,
342 2741 507 2820 subitoque
522 2744 674 2820 adspectu
686 2743 809 2805 territus
824 2743 933 2807 haesit

124 2824 369 2900 Apenninicolae
381 2825 513 2889 bellator
525 2827 608 2888 filius
622 2829 713 2900 Auni,
1050 2842 1098 2897 700

125 2907 216 2968 Haud
229 2908 373 2984 Ligurum
388 2918 552 2988 extremus,
567 2912 641 2973 dum
655 2912 762 2973 lallare
776 2910 840 2971 lata
854 2911 1016 2979 sinebant.

124 2992 227 3070 Isque,
242 2993 295 3053 uhi
311 3010 347 3055 se
360 2996 444 3057 nullo
458 2996 519 3056 lam
534 3011 629 3057 cursu
643 2996 778 3057 evadere
791 3010 920 3073 pugnae

122 3074 221 3138 Posse
235 3092 336 3153 neque
349 3079 513 3141 instantem
522 3080 661 3156 reginam
675 3086 817 3142 avertere
831 3082 943 3161 cernit,

23 3160 29 3171 '
124 3158 259 3222 consilio
272 3178 401 3224 uersare
415 3165 506 3226 dolos
520 3165 682 3241 ingressus
696 3171 727 3227 et
740 3170 811 3226 astu

123 3242 233 3320 Incipit
245 3244 339 3306 baem
361 3248 462 3322 „Quid
474 3255 537 3310 tam
550 3251 719 3327 egregimn,
734 3249 762 3310 si
775 3248 892 3311 lemine
905 3250 980 3313 lorti
1046 3262 1095 3317 700

124 3325 229 3402 „Fidis
243 3338 349 3406 equos
367 3330 490 3393 Dimitte
503 3333 617 3409 lugam,
632 3342 664 3396 et
677 3341 709 3395 te
722 3328 896 3394 comminus
912 3348 1018 3413 aequo
1097 3368 1102 3378 ·

121 3409 267 3488 „Mecum
280 3414 374 3478 crede
388 3417 471 3495 solo,
483 3432 671 3495 pugnaeque
684 3418 813 3492 accinge
827 3417 983 3492 pedestri=

118 3496 209 3583 ,dam
223 3516 355 3595 nosces,
369 3509 510 3566 ventosa
518 3502 603 3563 terat
614 3502 670 3561 sn
678 3499 783 3572 gisna
788 3499 960 3555 nantem*
