2326 3780
169 191 190 255 a
420 193 473 291 r.
495 194 655 255 vtaortx
675 193 850 256 nxaonts
916 150 921 157 ’

678 310 683 338 i

168 346 310 406 Pastores
326 345 427 407 ovium
441 352 561 406 teneros
578 346 730 423 depellere
746 349 833 408 letus.

170 429 221 491 Sio
236 428 361 491 canibus
376 431 492 490 catulos
509 429 631 506 similes,
647 432 693 492 sio
706 431 852 492 matribus
866 430 993 492 haedos

168 514 294 585 Noram;
317 514 362 574 sio
375 515 479 589 parvis
495 529 679 590 componere
694 531 804 592 magna
816 513 968 574 solebam.

168 598 282 659 Verum
296 596 373 658 haee
382 604 497 659 tantum
507 598 583 658 alias
594 599 672 658 inter
682 605 774 675 eaput
785 598 890 658 extulit
899 598 1013 675 urbes,

169 681 316 756 Quantum
330 683 411 741 lenta
424 682 523 742 solent
536 683 614 743 inter
627 682 755 745 viburna
768 682 918 758 cupressi.
1094 692 1126 747 tt

498 765 779 827 MELIBOEUS.

167 848 204 909 Et
219 865 298 926 quae
310 854 394 909 tanta
406 848 462 908 fuit
474 849 603 911 Romam
616 849 669 910 tibi
684 862 779 910 cansa
793 848 942 911 videndis

50 1078 52 1082 ,
165 1016 313 1088 Libertas
330 1031 408 1090 quae
422 1031 501 1089 sera,
515 1022 616 1076 tamen
630 1000 766 1093 respexit
780 1017 913 1088 inertem,

169 1100 332 1160 Candidior
345 1107 509 1176 postquam
522 1099 659 1161 tondenti
673 1099 770 1161 barba
783 1099 926 1170 cadebat3

167 1183 314 1260 Respexit
326 1189 426 1243 tamen
440 1191 470 1243 et
483 1184 575 1259 longo
590 1190 662 1259 post
674 1192 812 1263 ternpore
824 1184 916 1254 venit,

57 1304 61 1312 -
169 1267 331 1342 Postquam
344 1283 402 1327 nos
415 1267 580 1345 Amaryllis
594 1265 694 1342 habet,
710 1268 835 1328 Galatea
847 1268 981 1342 reliquit.
1093 1279 1123 1332 30

166 1350 435 1427 Namque-fatebor
449 1351 616 1413 enim-dunt
628 1367 677 1412 me
690 1352 814 1412 Galatea
828 1350 959 1425 tenebat,

166 1434 229 1495 Neo
241 1450 315 1511 spes
331 1434 475 1497 libertatis
490 1441 563 1509 erat,
578 1450 636 1497 neo
651 1452 723 1497 eura
740 1433 850 1512 peculi.

167 1516 309 1593 Quamvis
323 1521 416 1581 multa
429 1519 505 1581 meis
520 1519 616 1581 exiret
627 1521 750 1580 vietinta
763 1519 868 1595 septis
928 1570 934 1578 ,

165 1601 288 1679 Pinguis
303 1610 333 1664 et
346 1604 481 1680 ingratae
495 1609 682 1681 premerearr
694 1618 805 1664 caseus
819 1601 902 1672 urbi;

166 1686 232 1748 Non
242 1703 386 1762 umquam
397 1688 500 1764 gravis
511 1702 582 1748 aere
593 1687 717 1764 domurn
728 1686 799 1746 mihi
810 1687 919 1746 dextra
928 1686 1065 1749 redibat
1086 1697 1121 1751 tt

494 1768 778 1832 Mattaotttls.

165 1855 305 1927 Mirabar,
322 1856 396 1931 qrrid
409 1863 526 1916 maesta
540 1855 628 1927 deos,
642 1854 799 1931 ,amarylli
813 1866 959 1922 voeares3

166 1938 188 1999 C
256 1940 369 2000 endere
384 1954 441 1999 sua
454 1938 601 2015 patereris
616 1939 646 1997 in
660 1938 769 1998 arbore
784 1953 884 2015 poma.
948 1946 952 1956 '

164 1954 285 2164 *a
299 2023 370 2082 hinc
384 2021 497 2081 aberat.
531 2021 622 2096 Ipsae
635 2028 674 2096 te,
689 2020 799 2100 Tityre,
816 2022 915 2099 pinus,

165 2104 217 2180 lps
241 2110 273 2165 te
286 2105 396 2178 fontes,
413 2105 483 2181 ipsa
495 2104 573 2164 haee
588 2104 713 2167 arbusta
728 2105 887 2168 vocabant.

530 2188 742 2252 TITYRUS.

166 2271 243 2347 Quid
258 2273 410 2332 laceranti
422 2288 522 2350 neone
534 2275 658 2335 servitio
671 2291 720 2334 rne
730 2274 815 2334 exire
826 2272 945 2346 licebat,
1085 2281 1118 2334 to

165 2357 225 2416 Neo
239 2362 301 2416 tam
315 2364 492 2432 praesentes
507 2358 579 2418 alibi
594 2372 782 2434 cognoscere
797 2357 897 2416 divos.

164 2441 220 2500 llio
234 2440 316 2499 illurn
329 2440 393 2502 vidi
407 2442 557 2517 invenem,
572 2442 730 2514 Meliboee,
747 2440 911 2515 quotannis

105 2524 111 2535 '
148 2535 151 2541 '
164 2524 217 2584 Bis
232 2539 325 2585 senos
340 2526 388 2586 oui
402 2535 507 2589 nostra
521 2528 588 2587 dies
603 2526 708 2586 altaria
725 2525 849 2583 luntant.

164 2608 220 2667 llio
234 2607 306 2668 milti
319 2625 502 2687 responsum
517 2611 632 2686 primns
648 2608 795 2667 dedititia
809 2608 937 2684 petenti:

165 2691 303 2766 „Pascite
316 2701 349 2755 nt
363 2702 432 2756 ante
445 2695 552 2768 boves,
568 2693 670 2768 pueri;
693 2691 857 2752 submittite
870 2697 1009 2752 tauros.“
1083 2700 1118 2754 45

494 2774 775 2836 Mattaotttts.
857 2832 859 2838 .

88 2868 92 2875 ·
163 2860 325 2924 Fortunata
339 2878 444 2936 senex,
460 2874 533 2937 ergo
546 2865 599 2919 tua
610 2875 683 2919 rura
694 2858 867 2933 manebunt,

66 2966 69 2975 ·
162 2945 200 3005 Et
212 2946 266 3006 tibi
280 2962 391 3022 magna
404 2944 487 3017 satis,
498 2943 643 3017 quamvis
659 2942 737 3019 lapis
753 2945 854 3004 omnia
867 2943 970 3006 nudas

163 3029 348 3105 Limosoque
363 3029 451 3105 palus
465 3025 599 3087 obducat
613 3043 729 3104 pasena
743 3026 843 3089 iunco.

163 3112 230 3176 Non
244 3114 363 3174 insueta
376 3116 488 3186 gravia
500 3110 658 3172 tentabunt
671 3110 784 3188 pabula
797 3113 884 3186 letas,

162 3195 225 3257 Nee
239 3196 319 3255 mala
331 3193 424 3255 vieini
438 3195 561 3272 pecoris
576 3197 716 3273 contagia
729 3196 859 3257 laedent.
1078 3204 1120 3261 ⁶⁰

33 3296 40 3315 ¹
162 3278 324 3340 Fortunata
338 3294 442 3354 senex,
458 3279 507 3340 hio
522 3280 599 3342 inter
611 3279 736 3341 flumina
749 3288 822 3341 nota

163 3360 201 3421 Et
214 3362 312 3422 tontes
328 3378 435 3426 saeros
449 3365 544 3442 frigus
559 3364 696 3442 captabis
708 3378 848 3438 opaeum.

63 3466 95 3578 ι
163 3442 240 3508 Hine
253 3445 316 3522 tibi,
333 3464 411 3524 quae
426 3465 548 3527 semper
561 3450 662 3510 vicino
677 3447 715 3508 ab
731 3447 821 3508 limite
837 3460 929 3526 sepes
