<?xml version="1.0" encoding="UTF-8"?>
<!DOCTYPE html PUBLIC "-//W3C//DTD XHTML 1.0 Transitional//EN"
    "http://www.w3.org/TR/xhtml1/DTD/xhtml1-transitional.dtd">
<html xmlns="http://www.w3.org/1999/xhtml" xml:lang="en" lang="en">
 <head>
  <title>
</title>
<meta http-equiv="Content-Type" content="text/html;charset=utf-8" />
  <meta name='ocr-system' content='tesseract 3.04.00' />
  <meta name='ocr-capabilities' content='ocr_page ocr_carea ocr_par ocr_line ocrx_word'/>
</head>
<body>
  <div class='ocr_page' id='page_1' title='image "./pvirgiliimaroni11virggoog/pvirgiliimaroni11virggoog_0692.png"; bbox 0 0 2326 3780; ppageno 0'>
   <div class='ocr_carea' id='block_1_1' title="bbox 422 220 1075 291">
    <p class='ocr_par' dir='ltr' id='par_1_1' title="bbox 422 220 1075 291">
     <span class='ocr_line' id='line_1_1' title="bbox 422 220 1075 291; baseline 0.017 -11"><span class='ocrx_word' id='word_1_1' title='bbox 422 220 617 283; x_wconf 74' lang='lat' dir='ltr'><strong>Auliuloos</strong></span> <span class='ocrx_word' id='word_1_2' title='bbox 637 224 711 285; x_wconf 89' lang='lat' dir='ltr'><strong>LlB.</strong></span> <span class='ocrx_word' id='word_1_3' title='bbox 723 224 775 289; x_wconf 79' lang='lat' dir='ltr'><strong>XI.</strong></span> <span class='ocrx_word' id='word_1_4' title='bbox 1011 226 1075 291; x_wconf 78' lang='lat'><strong>309</strong></span> 
     </span>
    </p>
   </div>
   <div class='ocr_carea' id='block_1_2' title="bbox 122 372 1130 799">
    <p class='ocr_par' dir='ltr' id='par_1_2' title="bbox 124 372 1130 541">
     <span class='ocr_line' id='line_1_2' title="bbox 124 372 1130 451; baseline 0.011 -19"><span class='ocrx_word' id='word_1_5' title='bbox 124 373 251 451; x_wconf 82' lang='lat' dir='ltr'><strong>„Amnis</strong></span> <span class='ocrx_word' id='word_1_6' title='bbox 266 380 297 435; x_wconf 86' lang='lat' dir='ltr'><strong>et</strong></span> <span class='ocrx_word' id='word_1_7' title='bbox 307 372 476 435; x_wconf 83' lang='lat' dir='ltr'><strong>Hadriacas</strong></span> <span class='ocrx_word' id='word_1_8' title='bbox 490 380 571 435; x_wconf 87' lang='lat' dir='ltr'><strong>retro</strong></span> <span class='ocrx_word' id='word_1_9' title='bbox 585 374 662 451; x_wconf 75' lang='lat' dir='ltr'><strong>fugit</strong></span> <span class='ocrx_word' id='word_1_10' title='bbox 673 375 805 439; x_wconf 79' lang='lat' dir='ltr'><strong>Aufidus</strong></span> <span class='ocrx_word' id='word_1_11' title='bbox 817 378 926 441; x_wconf 86' lang='lat' dir='ltr'><strong>undas.</strong></span> <span class='ocrx_word' id='word_1_12' title='bbox 1021 386 1074 441; x_wconf 74' lang='lat' dir='ltr'><strong>lob</strong></span> <span class='ocrx_word' id='word_1_13' title='bbox 1126 380 1130 389; x_wconf 92' lang='lat'>&#39;</span> 
     </span>
     <span class='ocr_line' id='line_1_3' title="bbox 124 457 903 541; baseline 0.005 -23"><span class='ocrx_word' id='word_1_14' title='bbox 124 459 203 533; x_wconf 86' lang='lat' dir='ltr'><strong>„Vel</strong></span> <span class='ocrx_word' id='word_1_15' title='bbox 218 474 286 518; x_wconf 90' lang='lat' dir='ltr'><strong>cum</strong></span> <span class='ocrx_word' id='word_1_16' title='bbox 299 474 335 519; x_wconf 88' lang='lat' dir='ltr'><strong>se</strong></span> <span class='ocrx_word' id='word_1_17' title='bbox 347 457 493 537; x_wconf 87' lang='lat' dir='ltr'><strong>pavidum</strong></span> <span class='ocrx_word' id='word_1_18' title='bbox 507 464 612 519; x_wconf 86' lang='lat' dir='ltr'><strong>contra</strong></span> <span class='ocrx_word' id='word_1_19' title='bbox 624 474 694 541; x_wconf 78' lang='lat' dir='ltr'><strong>mea</strong></span> <span class='ocrx_word' id='word_1_20' title='bbox 706 459 804 537; x_wconf 70' lang='lat' dir='ltr'><strong>iurgia</strong></span> <span class='ocrx_word' id='word_1_21' title='bbox 815 460 903 538; x_wconf 68' lang='lat' dir='ltr'><strong>Angit</strong></span> 
     </span>
    </p>

    <p class='ocr_par' dir='ltr' id='par_1_3' title="bbox 122 542 1059 799">
     <span class='ocr_line' id='line_1_4' title="bbox 123 542 887 619; baseline 0.002 -17"><span class='ocrx_word' id='word_1_22' title='bbox 123 542 276 619; x_wconf 86' lang='lat' dir='ltr'><strong>„Artificis</strong></span> <span class='ocrx_word' id='word_1_23' title='bbox 291 543 403 618; x_wconf 89' lang='lat' dir='ltr'><strong>scelus,</strong></span> <span class='ocrx_word' id='word_1_24' title='bbox 417 548 448 603; x_wconf 89' lang='lat' dir='ltr'><strong>et</strong></span> <span class='ocrx_word' id='word_1_25' title='bbox 461 542 622 608; x_wconf 82' lang='lat' dir='ltr'><strong>formidine</strong></span> <span class='ocrx_word' id='word_1_26' title='bbox 637 542 751 605; x_wconf 79' lang='lat' dir='ltr'><strong>crimen</strong></span> <span class='ocrx_word' id='word_1_27' title='bbox 763 545 957 607; x_wconf 79' lang='lat' dir='ltr'><strong>acerbat</strong></span> 
     </span>
     <span class='ocr_line' id='line_1_5' title="bbox 122 626 1059 704; baseline 0.002 -19"><span class='ocrx_word' id='word_1_28' title='bbox 122 627 311 704; x_wconf 81' lang='lat' dir='ltr'><strong>„Numquam</strong></span> <span class='ocrx_word' id='word_1_29' title='bbox 325 626 455 686; x_wconf 90' lang='lat' dir='ltr'><strong>animam</strong></span> <span class='ocrx_word' id='word_1_30' title='bbox 468 626 559 688; x_wconf 83' lang='lat' dir='ltr'><strong>talem</strong></span> <span class='ocrx_word' id='word_1_31' title='bbox 573 628 682 690; x_wconf 84' lang='lat' dir='ltr'><strong>dextra</strong></span> <span class='ocrx_word' id='word_1_32' title='bbox 692 626 753 687; x_wconf 84' lang='lat' dir='ltr'><strong>bae</strong></span> <span class='ocrx_word' id='word_1_33' title='bbox 765 660 780 672; x_wconf 95' lang='lat'>-</span> <span class='ocrx_word' id='word_1_34' title='bbox 793 626 909 689; x_wconf 83' lang='lat' dir='ltr'><strong>absiste</strong></span> <span class='ocrx_word' id='word_1_35' title='bbox 921 628 1059 689; x_wconf 86' lang='lat' dir='ltr'><strong>moveri·</strong></span> 
     </span>
     <span class='ocr_line' id='line_1_6' title="bbox 123 709 957 799; baseline 0.005 -29"><span class='ocrx_word' id='word_1_36' title='bbox 123 710 287 799; x_wconf 65' lang='lat' dir='ltr'><strong>„Amittes3</strong></span> <span class='ocrx_word' id='word_1_37' title='bbox 308 709 423 770; x_wconf 82' lang='lat' dir='ltr'><strong>habitet</strong></span> <span class='ocrx_word' id='word_1_38' title='bbox 435 716 535 772; x_wconf 87' lang='lat' dir='ltr'><strong>tecum</strong></span> <span class='ocrx_word' id='word_1_39' title='bbox 549 717 579 772; x_wconf 87' lang='lat' dir='ltr'><strong>et</strong></span> <span class='ocrx_word' id='word_1_40' title='bbox 593 712 633 772; x_wconf 88' lang='lat' dir='ltr'><strong>sit</strong></span> <span class='ocrx_word' id='word_1_41' title='bbox 646 716 772 788; x_wconf 85' lang='lat' dir='ltr'><strong>pectore</strong></span> <span class='ocrx_word' id='word_1_42' title='bbox 784 710 816 773; x_wconf 89' lang='lat' dir='ltr'><strong>iu</strong></span> <span class='ocrx_word' id='word_1_43' title='bbox 830 712 900 774; x_wconf 88' lang='lat' dir='ltr'><strong>isto.</strong></span> <span class='ocrx_word' id='word_1_44' title='bbox 913 743 957 757; x_wconf 90' lang='lat'><em>-</em></span> 
     </span>
    </p>
   </div>
   <div class='ocr_carea' id='block_1_3' title="bbox 120 788 1076 3543">
    <p class='ocr_par' dir='ltr' id='par_1_4' title="bbox 121 788 1076 955">
     <span class='ocr_line' id='line_1_7' title="bbox 122 788 1076 871; baseline 0.005 -18"><span class='ocrx_word' id='word_1_45' title='bbox 122 795 228 870; x_wconf 87' lang='lat' dir='ltr'><strong>„Nunc</strong></span> <span class='ocrx_word' id='word_1_46' title='bbox 243 795 283 855; x_wconf 88' lang='lat' dir='ltr'><strong>ad</strong></span> <span class='ocrx_word' id='word_1_47' title='bbox 295 799 326 854; x_wconf 85' lang='lat' dir='ltr'><strong>te</strong></span> <span class='ocrx_word' id='word_1_48' title='bbox 340 800 371 854; x_wconf 87' lang='lat' dir='ltr'><strong>et</strong></span> <span class='ocrx_word' id='word_1_49' title='bbox 382 800 435 854; x_wconf 88' lang='lat' dir='ltr'><strong>tua</strong></span> <span class='ocrx_word' id='word_1_50' title='bbox 447 788 566 871; x_wconf 82' lang='lat' dir='ltr'><strong>mag&#39;na,</strong></span> <span class='ocrx_word' id='word_1_51' title='bbox 580 802 676 871; x_wconf 85' lang='lat' dir='ltr'><strong>pater,</strong></span> <span class='ocrx_word' id='word_1_52' title='bbox 692 796 831 857; x_wconf 80' lang='lat' dir='ltr'><strong>eonsidta</strong></span> <span class='ocrx_word' id='word_1_53' title='bbox 843 802 990 857; x_wconf 89' lang='lat' dir='ltr'><strong>revertor.</strong></span> <span class='ocrx_word' id='word_1_54' title='bbox 1023 802 1076 859; x_wconf 70' lang='lat' dir='ltr'><strong>llo</strong></span> 
     </span>
     <span class='ocr_line' id='line_1_8' title="bbox 121 877 912 955; baseline 0.003 -16"><span class='ocrx_word' id='word_1_55' title='bbox 121 877 194 955; x_wconf 89' lang='lat' dir='ltr'><strong>„Sic</strong></span> <span class='ocrx_word' id='word_1_56' title='bbox 208 878 321 938; x_wconf 87' lang='lat' dir='ltr'><strong>nullam</strong></span> <span class='ocrx_word' id='word_1_57' title='bbox 335 878 447 939; x_wconf 89' lang='lat' dir='ltr'><strong>nostris</strong></span> <span class='ocrx_word' id='word_1_58' title='bbox 461 879 539 940; x_wconf 90' lang='lat' dir='ltr'><strong>ultra</strong></span> <span class='ocrx_word' id='word_1_59' title='bbox 553 894 640 955; x_wconf 88' lang='lat' dir='ltr'><strong>spem</strong></span> <span class='ocrx_word' id='word_1_60' title='bbox 653 878 745 955; x_wconf 89' lang='lat' dir='ltr'><strong>ponis</strong></span> <span class='ocrx_word' id='word_1_61' title='bbox 764 880 795 939; x_wconf 88' lang='lat' dir='ltr'><strong>in</strong></span> <span class='ocrx_word' id='word_1_62' title='bbox 810 880 912 955; x_wconf 89' lang='lat' dir='ltr'><strong>annis,</strong></span> 
     </span>
    </p>

    <p class='ocr_par' dir='ltr' id='par_1_5' title="bbox 120 961 1076 2221">
     <span class='ocr_line' id='line_1_9' title="bbox 120 961 900 1039; baseline 0.005 -18"><span class='ocrx_word' id='word_1_63' title='bbox 120 961 176 1038; x_wconf 89' lang='lat' dir='ltr'><strong>„Si</strong></span> <span class='ocrx_word' id='word_1_64' title='bbox 190 968 252 1021; x_wconf 85' lang='lat' dir='ltr'><strong>tam</strong></span> <span class='ocrx_word' id='word_1_65' title='bbox 266 962 378 1022; x_wconf 79' lang='lat' dir='ltr'><strong>deserti</strong></span> <span class='ocrx_word' id='word_1_66' title='bbox 392 978 507 1039; x_wconf 89' lang='lat' dir='ltr'><strong>sumus,</strong></span> <span class='ocrx_word' id='word_1_67' title='bbox 522 968 553 1022; x_wconf 87' lang='lat' dir='ltr'><strong>et</strong></span> <span class='ocrx_word' id='word_1_68' title='bbox 565 965 660 1023; x_wconf 91' lang='lat' dir='ltr'><strong>semel</strong></span> <span class='ocrx_word' id='word_1_69' title='bbox 674 963 794 1039; x_wconf 78' lang='lat' dir='ltr'><strong>agmine</strong></span> <span class='ocrx_word' id='word_1_70' title='bbox 807 974 900 1025; x_wconf 85' lang='lat' dir='ltr'><strong>verso</strong></span> 
     </span>
     <span class='ocr_line' id='line_1_10' title="bbox 121 1044 1047 1124; baseline 0.003 -20"><span class='ocrx_word' id='word_1_71' title='bbox 121 1044 288 1121; x_wconf 84' lang='lat' dir='ltr'><strong>„Funditus</strong></span> <span class='ocrx_word' id='word_1_72' title='bbox 302 1046 479 1121; x_wconf 88' lang='lat' dir='ltr'><strong>occidimus,</strong></span> <span class='ocrx_word' id='word_1_73' title='bbox 494 1061 595 1123; x_wconf 89' lang='lat' dir='ltr'><strong>neque</strong></span> <span class='ocrx_word' id='word_1_74' title='bbox 607 1045 700 1107; x_wconf 88' lang='lat' dir='ltr'><strong>habet</strong></span> <span class='ocrx_word' id='word_1_75' title='bbox 712 1046 845 1109; x_wconf 76' lang='lat' dir='ltr'><strong>Fortuna</strong></span> <span class='ocrx_word' id='word_1_76' title='bbox 857 1062 1047 1124; x_wconf 70' lang='lat' dir='ltr'><strong>regressum</strong></span> 
     </span>
     <span class='ocr_line' id='line_1_11' title="bbox 122 1127 901 1207; baseline 0.003 -20"><span class='ocrx_word' id='word_1_77' title='bbox 122 1127 269 1207; x_wconf 81' lang='lat' dir='ltr'><strong>„Oramus</strong></span> <span class='ocrx_word' id='word_1_78' title='bbox 284 1145 401 1205; x_wconf 87' lang='lat' dir='ltr'><strong>pacem,</strong></span> <span class='ocrx_word' id='word_1_79' title='bbox 417 1136 448 1191; x_wconf 89' lang='lat' dir='ltr'><strong>et</strong></span> <span class='ocrx_word' id='word_1_80' title='bbox 461 1131 584 1191; x_wconf 85' lang='lat' dir='ltr'><strong>dextras</strong></span> <span class='ocrx_word' id='word_1_81' title='bbox 598 1130 759 1199; x_wconf 84' lang='lat' dir='ltr'><strong>tendamus</strong></span> <span class='ocrx_word' id='word_1_82' title='bbox 772 1132 901 1192; x_wconf 79' lang='lat' dir='ltr'><strong>inertes:</strong></span> 
     </span>
     <span class='ocr_line' id='line_1_12' title="bbox 121 1211 1075 1291; baseline 0.004 -19"><span class='ocrx_word' id='word_1_83' title='bbox 121 1211 340 1291; x_wconf 72' lang='lat' dir='ltr'><strong>„Quamquam</strong></span> <span class='ocrx_word' id='word_1_84' title='bbox 355 1229 374 1275; x_wconf 96' lang='lat' dir='ltr'><strong>o</strong></span> <span class='ocrx_word' id='word_1_85' title='bbox 389 1215 417 1274; x_wconf 91' lang='lat' dir='ltr'><strong>si</strong></span> <span class='ocrx_word' id='word_1_86' title='bbox 431 1214 539 1276; x_wconf 87' lang='lat' dir='ltr'><strong>solitae</strong></span> <span class='ocrx_word' id='word_1_87' title='bbox 555 1214 722 1289; x_wconf 82' lang='lat' dir='ltr'><strong>quidquam</strong></span> <span class='ocrx_word' id='word_1_88' title='bbox 736 1215 855 1276; x_wconf 86' lang='lat' dir='ltr'><strong>virtutis</strong></span> <span class='ocrx_word' id='word_1_89' title='bbox 870 1216 1002 1289; x_wconf 81' lang='lat' dir='ltr'><strong>adesset,</strong></span> <span class='ocrx_word' id='word_1_90' title='bbox 1023 1221 1075 1278; x_wconf 79' lang='lat'><strong>415</strong></span> 
     </span>
     <span class='ocr_line' id='line_1_13' title="bbox 121 1296 857 1373; baseline 0.003 -17"><span class='ocrx_word' id='word_1_91' title='bbox 121 1296 196 1373; x_wconf 91' lang='lat' dir='ltr'><strong>„Ille</strong></span> <span class='ocrx_word' id='word_1_92' title='bbox 210 1296 283 1356; x_wconf 91' lang='lat' dir='ltr'><strong>mihi</strong></span> <span class='ocrx_word' id='word_1_93' title='bbox 298 1303 367 1357; x_wconf 87' lang='lat' dir='ltr'><strong>anto</strong></span> <span class='ocrx_word' id='word_1_94' title='bbox 381 1297 459 1358; x_wconf 87' lang='lat' dir='ltr'><strong>alios</strong></span> <span class='ocrx_word' id='word_1_95' title='bbox 473 1299 705 1373; x_wconf 83' lang='lat' dir='ltr'><strong>fortunatusque</strong></span> <span class='ocrx_word' id='word_1_96' title='bbox 718 1297 857 1359; x_wconf 86' lang='lat' dir='ltr'><strong>laborum</strong></span> 
     </span>
     <span class='ocr_line' id='line_1_14' title="bbox 122 1380 900 1458; baseline 0.004 -20"><span class='ocrx_word' id='word_1_97' title='bbox 122 1380 351 1458; x_wconf 79' lang='lat' dir='ltr'><strong>„Egregiusque</strong></span> <span class='ocrx_word' id='word_1_98' title='bbox 366 1381 465 1454; x_wconf 90' lang='lat' dir='ltr'><strong>animi,</strong></span> <span class='ocrx_word' id='word_1_99' title='bbox 482 1380 543 1455; x_wconf 87' lang='lat' dir='ltr'><strong>qui,</strong></span> <span class='ocrx_word' id='word_1_100' title='bbox 559 1394 599 1439; x_wconf 89' lang='lat' dir='ltr'><strong>uo</strong></span> <span class='ocrx_word' id='word_1_101' title='bbox 612 1380 687 1455; x_wconf 92' lang='lat' dir='ltr'><strong>quid</strong></span> <span class='ocrx_word' id='word_1_102' title='bbox 700 1381 761 1441; x_wconf 87' lang='lat' dir='ltr'><strong>tale</strong></span> <span class='ocrx_word' id='word_1_103' title='bbox 774 1382 900 1458; x_wconf 84' lang='lat' dir='ltr'><strong>videret,</strong></span> 
     </span>
     <span class='ocr_line' id='line_1_15' title="bbox 121 1463 993 1540; baseline 0.006 -19"><span class='ocrx_word' id='word_1_104' title='bbox 121 1463 306 1540; x_wconf 85' lang='lat' dir='ltr'><strong>„Procubuit</strong></span> <span class='ocrx_word' id='word_1_105' title='bbox 317 1463 451 1523; x_wconf 89' lang='lat' dir='ltr'><strong>moriens</strong></span> <span class='ocrx_word' id='word_1_106' title='bbox 465 1469 495 1522; x_wconf 90' lang='lat' dir='ltr'><strong>et</strong></span> <span class='ocrx_word' id='word_1_107' title='bbox 508 1463 634 1525; x_wconf 87' lang='lat' dir='ltr'><strong>humum</strong></span> <span class='ocrx_word' id='word_1_108' title='bbox 646 1464 742 1525; x_wconf 86' lang='lat' dir='ltr'><strong>semei</strong></span> <span class='ocrx_word' id='word_1_109' title='bbox 755 1478 809 1524; x_wconf 88' lang='lat' dir='ltr'><strong>ore</strong></span> <span class='ocrx_word' id='word_1_110' title='bbox 822 1465 993 1526; x_wconf 86' lang='lat' dir='ltr'><strong>momordit</strong></span> 
     </span>
     <span class='ocr_line' id='line_1_16' title="bbox 122 1545 885 1623; baseline 0.005 -18"><span class='ocrx_word' id='word_1_111' title='bbox 122 1546 197 1623; x_wconf 89' lang='lat' dir='ltr'><strong>„Sin</strong></span> <span class='ocrx_word' id='word_1_112' title='bbox 212 1551 242 1605; x_wconf 87' lang='lat' dir='ltr'><strong>et</strong></span> <span class='ocrx_word' id='word_1_113' title='bbox 255 1562 333 1622; x_wconf 92' lang='lat' dir='ltr'><strong>opes</strong></span> <span class='ocrx_word' id='word_1_114' title='bbox 347 1545 437 1607; x_wconf 92' lang='lat' dir='ltr'><strong>nobis</strong></span> <span class='ocrx_word' id='word_1_115' title='bbox 450 1552 481 1607; x_wconf 89' lang='lat' dir='ltr'><strong>et</strong></span> <span class='ocrx_word' id='word_1_116' title='bbox 494 1545 596 1607; x_wconf 88' lang='lat' dir='ltr'><strong>adhuc</strong></span> <span class='ocrx_word' id='word_1_117' title='bbox 609 1546 722 1607; x_wconf 85' lang='lat' dir='ltr'><strong>intacta</strong></span> <span class='ocrx_word' id='word_1_118' title='bbox 735 1546 885 1621; x_wconf 89' lang='lat' dir='ltr'><strong>iuventus,</strong></span> 
     </span>
     <span class='ocr_line' id='line_1_17' title="bbox 122 1628 1076 1706; baseline 0.007 -19"><span class='ocrx_word' id='word_1_119' title='bbox 122 1628 328 1705; x_wconf 85' lang='lat' dir='ltr'><strong>„Auxilioque</strong></span> <span class='ocrx_word' id='word_1_120' title='bbox 341 1628 433 1690; x_wconf 90' lang='lat' dir='ltr'><strong>urbes</strong></span> <span class='ocrx_word' id='word_1_121' title='bbox 447 1629 540 1689; x_wconf 84' lang='lat' dir='ltr'><strong>Italae</strong></span> <span class='ocrx_word' id='word_1_122' title='bbox 553 1629 721 1706; x_wconf 85' lang='lat' dir='ltr'><strong>populique</strong></span> <span class='ocrx_word' id='word_1_123' title='bbox 735 1637 914 1706; x_wconf 75' lang='lat' dir='ltr'><strong>supersunt3</strong></span> <span class='ocrx_word' id='word_1_124' title='bbox 1022 1640 1076 1694; x_wconf 73' lang='lat' dir='ltr'><strong>lio</strong></span> 
     </span>
     <span class='ocr_line' id='line_1_18' title="bbox 122 1711 1026 1788; baseline 0.002 -16"><span class='ocrx_word' id='word_1_125' title='bbox 122 1711 198 1787; x_wconf 89' lang='lat' dir='ltr'><strong>„Sin</strong></span> <span class='ocrx_word' id='word_1_126' title='bbox 212 1720 243 1773; x_wconf 82' lang='lat' dir='ltr'><strong>et</strong></span> <span class='ocrx_word' id='word_1_127' title='bbox 255 1712 393 1774; x_wconf 85' lang='lat' dir='ltr'><strong>Troianis</strong></span> <span class='ocrx_word' id='word_1_128' title='bbox 408 1729 476 1773; x_wconf 89' lang='lat' dir='ltr'><strong>cum</strong></span> <span class='ocrx_word' id='word_1_129' title='bbox 489 1713 583 1773; x_wconf 90' lang='lat' dir='ltr'><strong>multo</strong></span> <span class='ocrx_word' id='word_1_130' title='bbox 598 1713 695 1788; x_wconf 81' lang='lat' dir='ltr'><strong>gloria</strong></span> <span class='ocrx_word' id='word_1_131' title='bbox 708 1714 792 1774; x_wconf 89' lang='lat' dir='ltr'><strong>venit</strong></span> <span class='ocrx_word' id='word_1_132' title='bbox 1022 1714 1026 1721; x_wconf 86' lang='lat'>&#39;</span> 
     </span>
     <span class='ocr_line' id='line_1_19' title="bbox 122 1794 1006 1875; baseline 0.003 -19"><span class='ocrx_word' id='word_1_133' title='bbox 122 1794 299 1872; x_wconf 82' lang='lat' dir='ltr'><strong>„Sanguine</strong></span> <span class='ocrx_word' id='word_1_134' title='bbox 311 1828 324 1839; x_wconf 96' lang='lat'>-</span> <span class='ocrx_word' id='word_1_135' title='bbox 339 1803 409 1857; x_wconf 85' lang='lat' dir='ltr'><strong>suut</strong></span> <span class='ocrx_word' id='word_1_136' title='bbox 422 1796 482 1856; x_wconf 90' lang='lat' dir='ltr'><strong>illis</strong></span> <span class='ocrx_word' id='word_1_137' title='bbox 496 1812 554 1858; x_wconf 88' lang='lat' dir='ltr'><strong>sua</strong></span> <span class='ocrx_word' id='word_1_138' title='bbox 567 1798 682 1869; x_wconf 82' lang='lat' dir='ltr'><strong>lunera,</strong></span> <span class='ocrx_word' id='word_1_139' title='bbox 697 1812 815 1875; x_wconf 89' lang='lat' dir='ltr'><strong>parque</strong></span> <span class='ocrx_word' id='word_1_140' title='bbox 829 1812 885 1872; x_wconf 90' lang='lat' dir='ltr'><strong>per</strong></span> <span class='ocrx_word' id='word_1_141' title='bbox 899 1813 1006 1859; x_wconf 89' lang='lat' dir='ltr'><strong>omnes</strong></span> 
     </span>
     <span class='ocr_line' id='line_1_20' title="bbox 121 1880 885 1956; baseline 0.005 -18"><span class='ocrx_word' id='word_1_142' title='bbox 121 1880 320 1956; x_wconf 86' lang='lat' dir='ltr'><strong>„Tempestas</strong></span> <span class='ocrx_word' id='word_1_143' title='bbox 331 1903 360 1937; x_wconf 69' lang='grc' dir='ltr'><strong>-ε</strong></span> <span class='ocrx_word' id='word_1_144' title='bbox 382 1896 437 1941; x_wconf 91' lang='lat' dir='ltr'><strong>cur</strong></span> <span class='ocrx_word' id='word_1_145' title='bbox 449 1880 611 1940; x_wconf 87' lang='lat' dir='ltr'><strong>indecores</strong></span> <span class='ocrx_word' id='word_1_146' title='bbox 625 1880 657 1939; x_wconf 88' lang='lat' dir='ltr'><strong>in</strong></span> <span class='ocrx_word' id='word_1_147' title='bbox 670 1880 773 1941; x_wconf 90' lang='lat' dir='ltr'><strong>limine</strong></span> <span class='ocrx_word' id='word_1_148' title='bbox 787 1881 885 1956; x_wconf 88' lang='lat' dir='ltr'><strong>primo</strong></span> 
     </span>
     <span class='ocr_line' id='line_1_21' title="bbox 121 1963 993 2041; baseline 0.002 -18"><span class='ocrx_word' id='word_1_149' title='bbox 121 1963 327 2041; x_wconf 81' lang='lat' dir='ltr'><strong>„Deficimusi</strong></span> <span class='ocrx_word' id='word_1_150' title='bbox 348 1978 402 2040; x_wconf 79' lang='lat' dir='ltr'><strong>cur</strong></span> <span class='ocrx_word' id='word_1_151' title='bbox 416 1971 486 2025; x_wconf 88' lang='lat' dir='ltr'><strong>ante</strong></span> <span class='ocrx_word' id='word_1_152' title='bbox 499 1963 603 2026; x_wconf 87' lang='lat' dir='ltr'><strong>tubam</strong></span> <span class='ocrx_word' id='word_1_153' title='bbox 615 1970 729 2024; x_wconf 71' lang='lat' dir='ltr'><strong>memor</strong></span> <span class='ocrx_word' id='word_1_154' title='bbox 743 1971 874 2041; x_wconf 84' lang='lat' dir='ltr'><strong>occupat</strong></span> <span class='ocrx_word' id='word_1_155' title='bbox 888 1971 993 2028; x_wconf 80' lang='lat' dir='ltr'><strong>artust</strong></span> 
     </span>
     <span class='ocr_line' id='line_1_22' title="bbox 121 2046 1076 2124; baseline 0.004 -17"><span class='ocrx_word' id='word_1_156' title='bbox 121 2047 237 2124; x_wconf 88' lang='lat' dir='ltr'><strong>„Multa</strong></span> <span class='ocrx_word' id='word_1_157' title='bbox 251 2048 318 2109; x_wconf 88' lang='lat' dir='ltr'><strong>dies</strong></span> <span class='ocrx_word' id='word_1_158' title='bbox 331 2047 471 2123; x_wconf 87' lang='lat' dir='ltr'><strong>variique</strong></span> <span class='ocrx_word' id='word_1_159' title='bbox 483 2046 572 2108; x_wconf 93' lang='lat' dir='ltr'><strong>labor</strong></span> <span class='ocrx_word' id='word_1_160' title='bbox 584 2046 737 2109; x_wconf 89' lang='lat' dir='ltr'><strong>mutabilis</strong></span> <span class='ocrx_word' id='word_1_161' title='bbox 751 2048 820 2108; x_wconf 87' lang='lat' dir='ltr'><strong>aevi</strong></span> <span class='ocrx_word' id='word_1_162' title='bbox 1024 2056 1076 2111; x_wconf 77' lang='lat' dir='ltr'><strong>luo</strong></span> 
     </span>
     <span class='ocr_line' id='line_1_23' title="bbox 121 2132 909 2221; baseline 0 -29"><span class='ocrx_word' id='word_1_163' title='bbox 121 2132 253 2208; x_wconf 83' lang='lat' dir='ltr'><strong>„Retulit</strong></span> <span class='ocrx_word' id='word_1_164' title='bbox 265 2133 296 2191; x_wconf 90' lang='lat' dir='ltr'><strong>in</strong></span> <span class='ocrx_word' id='word_1_165' title='bbox 308 2133 433 2203; x_wconf 85' lang='lat' dir='ltr'><strong>melius;</strong></span> <span class='ocrx_word' id='word_1_166' title='bbox 455 2133 567 2192; x_wconf 88' lang='lat' dir='ltr'><strong>multos</strong></span> <span class='ocrx_word' id='word_1_167' title='bbox 582 2132 698 2192; x_wconf 90' lang='lat' dir='ltr'><strong>alterna</strong></span> <span class='ocrx_word' id='word_1_168' title='bbox 711 2133 851 2193; x_wconf 87' lang='lat' dir='ltr'><strong>revisens</strong></span> <span class='ocrx_word' id='word_1_169' title='bbox 900 2201 909 2221; x_wconf 41' lang='grc' dir='ltr'>Ι</span> 
     </span>
    </p>

    <p class='ocr_par' dir='ltr' id='par_1_6' title="bbox 121 2214 834 2289">
     <span class='ocr_line' id='line_1_24' title="bbox 121 2214 834 2289; baseline 0.001 -15"><span class='ocrx_word' id='word_1_170' title='bbox 121 2215 227 2289; x_wconf 88' lang='lat' dir='ltr'><strong>„Lusit</strong></span> <span class='ocrx_word' id='word_1_171' title='bbox 241 2222 271 2276; x_wconf 82' lang='lat' dir='ltr'><strong>et</strong></span> <span class='ocrx_word' id='word_1_172' title='bbox 283 2214 314 2274; x_wconf 90' lang='lat' dir='ltr'><strong>in</strong></span> <span class='ocrx_word' id='word_1_173' title='bbox 329 2216 431 2277; x_wconf 91' lang='lat' dir='ltr'><strong>solido</strong></span> <span class='ocrx_word' id='word_1_174' title='bbox 444 2232 552 2277; x_wconf 87' lang='lat' dir='ltr'><strong>rursus</strong></span> <span class='ocrx_word' id='word_1_175' title='bbox 565 2214 699 2277; x_wconf 79' lang='lat' dir='ltr'><strong>Fortuna</strong></span> <span class='ocrx_word' id='word_1_176' title='bbox 712 2214 834 2276; x_wconf 86' lang='lat' dir='ltr'><strong>locavit</strong></span> 
     </span>
    </p>

    <p class='ocr_par' dir='ltr' id='par_1_7' title="bbox 122 2299 801 2375">
     <span class='ocr_line' id='line_1_25' title="bbox 122 2299 801 2375; baseline 0.003 -19"><span class='ocrx_word' id='word_1_177' title='bbox 122 2299 208 2374; x_wconf 88' lang='lat' dir='ltr'><strong>„Non</strong></span> <span class='ocrx_word' id='word_1_178' title='bbox 223 2299 279 2359; x_wconf 82' lang='lat' dir='ltr'><strong>erit</strong></span> <span class='ocrx_word' id='word_1_179' title='bbox 293 2299 404 2361; x_wconf 87' lang='lat' dir='ltr'><strong>auxilio</strong></span> <span class='ocrx_word' id='word_1_180' title='bbox 418 2299 510 2360; x_wconf 89' lang='lat' dir='ltr'><strong>uobis</strong></span> <span class='ocrx_word' id='word_1_181' title='bbox 522 2300 651 2360; x_wconf 84' lang='lat' dir='ltr'><strong>Aetolus</strong></span> <span class='ocrx_word' id='word_1_182' title='bbox 666 2305 697 2359; x_wconf 90' lang='lat' dir='ltr'><strong>et</strong></span> <span class='ocrx_word' id='word_1_183' title='bbox 708 2300 801 2375; x_wconf 85' lang='lat' dir='ltr'><strong>Arpi;</strong></span> 
     </span>
    </p>

    <p class='ocr_par' dir='ltr' id='par_1_8' title="bbox 122 2380 911 2459">
     <span class='ocr_line' id='line_1_26' title="bbox 122 2380 911 2459; baseline 0.005 -20"><span class='ocrx_word' id='word_1_184' title='bbox 122 2380 183 2456; x_wconf 88' lang='lat' dir='ltr'><strong>„At</strong></span> <span class='ocrx_word' id='word_1_185' title='bbox 195 2381 358 2457; x_wconf 81' lang='lat' dir='ltr'><strong>Messapus</strong></span> <span class='ocrx_word' id='word_1_186' title='bbox 372 2384 427 2444; x_wconf 91' lang='lat' dir='ltr'><strong>erit</strong></span> <span class='ocrx_word' id='word_1_187' title='bbox 440 2384 576 2459; x_wconf 77' lang='lat' dir='ltr'><strong>felixque</strong></span> <span class='ocrx_word' id='word_1_188' title='bbox 588 2383 773 2458; x_wconf 86' lang='lat' dir='ltr'><strong>Tolumnius,</strong></span> <span class='ocrx_word' id='word_1_189' title='bbox 788 2390 818 2443; x_wconf 94' lang='lat' dir='ltr'><strong>et</strong></span> <span class='ocrx_word' id='word_1_190' title='bbox 831 2397 911 2459; x_wconf 84' lang='lat' dir='ltr'><strong>quos</strong></span> 
     </span>
    </p>

    <p class='ocr_par' dir='ltr' id='par_1_9' title="bbox 122 2465 1076 2630">
     <span class='ocr_line' id='line_1_27' title="bbox 122 2465 1076 2543; baseline 0.004 -19"><span class='ocrx_word' id='word_1_191' title='bbox 122 2465 199 2539; x_wconf 89' lang='lat' dir='ltr'><strong>„Tot</strong></span> <span class='ocrx_word' id='word_1_192' title='bbox 211 2466 316 2540; x_wconf 91' lang='lat' dir='ltr'><strong>populi</strong></span> <span class='ocrx_word' id='word_1_193' title='bbox 329 2467 440 2527; x_wconf 88' lang='lat' dir='ltr'><strong>misere</strong></span> <span class='ocrx_word' id='word_1_194' title='bbox 455 2467 565 2538; x_wconf 82' lang='lat' dir='ltr'><strong>duces3</strong></span> <span class='ocrx_word' id='word_1_195' title='bbox 587 2482 646 2527; x_wconf 90' lang='lat' dir='ltr'><strong>nec</strong></span> <span class='ocrx_word' id='word_1_196' title='bbox 658 2482 756 2543; x_wconf 85' lang='lat' dir='ltr'><strong>parva</strong></span> <span class='ocrx_word' id='word_1_197' title='bbox 769 2473 914 2543; x_wconf 86' lang='lat' dir='ltr'><strong>sequetur</strong></span> <span class='ocrx_word' id='word_1_198' title='bbox 952 2504 959 2519; x_wconf 88' lang='lat'><em>·</em></span> <span class='ocrx_word' id='word_1_199' title='bbox 1023 2472 1076 2528; x_wconf 71' lang='lat' dir='ltr'><strong>too</strong></span> 
     </span>
     <span class='ocr_line' id='line_1_28' title="bbox 122 2547 859 2630; baseline 0.005 -25"><span class='ocrx_word' id='word_1_200' title='bbox 122 2547 252 2630; x_wconf 66' lang='lat' dir='ltr'><strong>„Gloria</strong></span> <span class='ocrx_word' id='word_1_201' title='bbox 261 2549 396 2610; x_wconf 87' lang='lat' dir='ltr'><strong>delectos</strong></span> <span class='ocrx_word' id='word_1_202' title='bbox 409 2550 495 2612; x_wconf 88' lang='lat' dir='ltr'><strong>Latio</strong></span> <span class='ocrx_word' id='word_1_203' title='bbox 510 2557 541 2611; x_wconf 92' lang='lat' dir='ltr'><strong>et</strong></span> <span class='ocrx_word' id='word_1_204' title='bbox 552 2549 754 2613; x_wconf 86' lang='lat' dir='ltr'><strong>Laurentibus</strong></span> <span class='ocrx_word' id='word_1_205' title='bbox 767 2550 859 2626; x_wconf 73' lang='lat' dir='ltr'><strong>agris.</strong></span> 
     </span>
    </p>

    <p class='ocr_par' dir='ltr' id='par_1_10' title="bbox 122 2630 881 2710">
     <span class='ocr_line' id='line_1_29' title="bbox 122 2630 881 2710; baseline 0.005 -20"><span class='ocrx_word' id='word_1_206' title='bbox 122 2630 198 2707; x_wconf 79' lang='lat' dir='ltr'><strong>„Est</strong></span> <span class='ocrx_word' id='word_1_207' title='bbox 212 2637 243 2691; x_wconf 89' lang='lat' dir='ltr'><strong>et</strong></span> <span class='ocrx_word' id='word_1_208' title='bbox 255 2633 439 2693; x_wconf 88' lang='lat' dir='ltr'><strong>Volscorum</strong></span> <span class='ocrx_word' id='word_1_209' title='bbox 453 2635 576 2710; x_wconf 82' lang='lat' dir='ltr'><strong>egregia</strong></span> <span class='ocrx_word' id='word_1_210' title='bbox 590 2635 629 2694; x_wconf 90' lang='lat' dir='ltr'><strong>de</strong></span> <span class='ocrx_word' id='word_1_211' title='bbox 643 2638 733 2709; x_wconf 78' lang='lat' dir='ltr'><strong>gente</strong></span> <span class='ocrx_word' id='word_1_212' title='bbox 747 2633 881 2709; x_wconf 82' lang='lat' dir='ltr'><strong>camilla,</strong></span> 
     </span>
    </p>

    <p class='ocr_par' dir='ltr' id='par_1_11' title="bbox 122 2717 971 2878">
     <span class='ocr_line' id='line_1_30' title="bbox 122 2717 971 2793; baseline 0.001 -19"><span class='ocrx_word' id='word_1_213' title='bbox 122 2717 262 2792; x_wconf 82' lang='lat' dir='ltr'><strong>„Agmen</strong></span> <span class='ocrx_word' id='word_1_214' title='bbox 277 2732 372 2791; x_wconf 81' lang='lat' dir='ltr'><strong>agens</strong></span> <span class='ocrx_word' id='word_1_215' title='bbox 386 2717 520 2793; x_wconf 89' lang='lat' dir='ltr'><strong>equitum</strong></span> <span class='ocrx_word' id='word_1_216' title='bbox 534 2724 564 2778; x_wconf 93' lang='lat' dir='ltr'><strong>et</strong></span> <span class='ocrx_word' id='word_1_217' title='bbox 576 2717 722 2779; x_wconf 74' lang='lat' dir='ltr'><strong>florentes</strong></span> <span class='ocrx_word' id='word_1_218' title='bbox 737 2733 809 2778; x_wconf 86' lang='lat' dir='ltr'><strong>aere</strong></span> <span class='ocrx_word' id='word_1_219' title='bbox 823 2725 971 2779; x_wconf 85' lang='lat' dir='ltr'><strong>catervas.</strong></span> 
     </span>
     <span class='ocr_line' id='line_1_31' title="bbox 122 2799 935 2878; baseline 0.001 -19"><span class='ocrx_word' id='word_1_220' title='bbox 122 2799 259 2876; x_wconf 78' lang='lat' dir='ltr'><strong>„Quodsi</strong></span> <span class='ocrx_word' id='word_1_221' title='bbox 273 2815 323 2859; x_wconf 86' lang='lat' dir='ltr'><strong>me</strong></span> <span class='ocrx_word' id='word_1_222' title='bbox 337 2800 437 2861; x_wconf 90' lang='lat' dir='ltr'><strong>solum</strong></span> <span class='ocrx_word' id='word_1_223' title='bbox 450 2801 557 2861; x_wconf 87' lang='lat' dir='ltr'><strong>Teucri</strong></span> <span class='ocrx_word' id='word_1_224' title='bbox 570 2802 602 2861; x_wconf 90' lang='lat' dir='ltr'><strong>in</strong></span> <span class='ocrx_word' id='word_1_225' title='bbox 617 2802 782 2863; x_wconf 85' lang='lat' dir='ltr'><strong>certamina</strong></span> <span class='ocrx_word' id='word_1_226' title='bbox 794 2808 935 2878; x_wconf 68' lang='lat' dir='ltr'><strong>poscunt,</strong></span> 
     </span>
    </p>

    <p class='ocr_par' dir='ltr' id='par_1_12' title="bbox 121 2883 1073 3044">
     <span class='ocr_line' id='line_1_32' title="bbox 121 2883 1073 2962; baseline -0.001 -17"><span class='ocrx_word' id='word_1_227' title='bbox 121 2884 238 2962; x_wconf 88' lang='lat' dir='ltr'><strong>„quue</strong></span> <span class='ocrx_word' id='word_1_228' title='bbox 251 2884 361 2960; x_wconf 75' lang='lat' dir='ltr'><strong>placet„</strong></span> <span class='ocrx_word' id='word_1_229' title='bbox 376 2890 553 2962; x_wconf 86' lang='lat' dir='ltr'><strong>tantumque</strong></span> <span class='ocrx_word' id='word_1_230' title='bbox 565 2884 656 2946; x_wconf 85' lang='lat' dir='ltr'><strong>bonis</strong></span> <span class='ocrx_word' id='word_1_231' title='bbox 670 2886 881 2947; x_wconf 89' lang='lat' dir='ltr'><strong>communibus</strong></span> <span class='ocrx_word' id='word_1_232' title='bbox 897 2883 1000 2944; x_wconf 81' lang='lat' dir='ltr'><strong>obsto:</strong></span> <span class='ocrx_word' id='word_1_233' title='bbox 1022 2890 1073 2944; x_wconf 76' lang='lat'><strong>435</strong></span> 
     </span>
     <span class='ocr_line' id='line_1_33' title="bbox 121 2966 856 3044; baseline -0.003 -15"><span class='ocrx_word' id='word_1_234' title='bbox 121 2970 207 3044; x_wconf 89' lang='lat' dir='ltr'><strong>„Non</strong></span> <span class='ocrx_word' id='word_1_235' title='bbox 223 2966 301 3030; x_wconf 89' lang='lat' dir='ltr'><strong>adeo</strong></span> <span class='ocrx_word' id='word_1_236' title='bbox 316 2967 373 3030; x_wconf 83' lang='lat' dir='ltr'><strong>has</strong></span> <span class='ocrx_word' id='word_1_237' title='bbox 388 2984 486 3029; x_wconf 87' lang='lat' dir='ltr'><strong>exosa</strong></span> <span class='ocrx_word' id='word_1_238' title='bbox 499 2985 607 3030; x_wconf 90' lang='lat' dir='ltr'><strong>manus</strong></span> <span class='ocrx_word' id='word_1_239' title='bbox 621 2969 758 3029; x_wconf 84' lang='lat' dir='ltr'><strong>Victoria</strong></span> <span class='ocrx_word' id='word_1_240' title='bbox 772 2969 856 3043; x_wconf 74' lang='lat' dir='ltr'><strong>lugia,</strong></span> 
     </span>
    </p>

    <p class='ocr_par' dir='ltr' id='par_1_13' title="bbox 121 3053 895 3129">
     <span class='ocr_line' id='line_1_34' title="bbox 121 3053 895 3129; baseline -0.005 -16"><span class='ocrx_word' id='word_1_241' title='bbox 121 3053 182 3128; x_wconf 82' lang='lat' dir='ltr'><strong>„Ut</strong></span> <span class='ocrx_word' id='word_1_242' title='bbox 193 3060 277 3114; x_wconf 87' lang='lat' dir='ltr'><strong>tanta</strong></span> <span class='ocrx_word' id='word_1_243' title='bbox 291 3054 457 3129; x_wconf 89' lang='lat' dir='ltr'><strong>quidquam</strong></span> <span class='ocrx_word' id='word_1_244' title='bbox 471 3068 529 3128; x_wconf 92' lang='lat' dir='ltr'><strong>pro</strong></span> <span class='ocrx_word' id='word_1_245' title='bbox 544 3068 601 3128; x_wconf 87' lang='lat' dir='ltr'><strong>spe</strong></span> <span class='ocrx_word' id='word_1_246' title='bbox 614 3059 730 3112; x_wconf 68' lang='lat' dir='ltr'><strong>tenore</strong></span> <span class='ocrx_word' id='word_1_247' title='bbox 743 3066 895 3111; x_wconf 87' lang='lat' dir='ltr'><strong>recusem.</strong></span> 
     </span>
    </p>

    <p class='ocr_par' dir='ltr' id='par_1_14' title="bbox 121 3132 983 3294">
     <span class='ocr_line' id='line_1_35' title="bbox 121 3132 983 3210; baseline -0.002 -16"><span class='ocrx_word' id='word_1_248' title='bbox 121 3136 196 3208; x_wconf 91' lang='lat' dir='ltr'><strong>„ibo</strong></span> <span class='ocrx_word' id='word_1_249' title='bbox 213 3137 321 3198; x_wconf 86' lang='lat' dir='ltr'><strong>animis</strong></span> <span class='ocrx_word' id='word_1_250' title='bbox 335 3143 449 3209; x_wconf 74' lang='lat' dir='ltr'><strong>conon,</strong></span> <span class='ocrx_word' id='word_1_251' title='bbox 464 3137 516 3197; x_wconf 87' lang='lat' dir='ltr'><strong>vel</strong></span> <span class='ocrx_word' id='word_1_252' title='bbox 529 3152 672 3210; x_wconf 73' lang='lat' dir='ltr'><strong>magnum</strong></span> <span class='ocrx_word' id='word_1_253' title='bbox 686 3140 822 3210; x_wconf 82' lang='lat' dir='ltr'><strong>praestet</strong></span> <span class='ocrx_word' id='word_1_254' title='bbox 833 3132 983 3205; x_wconf 85' lang='lat' dir='ltr'><strong>Achillen,</strong></span> 
     </span>
     <span class='ocr_line' id='line_1_36' title="bbox 121 3217 909 3294; baseline -0.001 -17"><span class='ocrx_word' id='word_1_255' title='bbox 121 3217 295 3294; x_wconf 86' lang='lat' dir='ltr'><strong>„Factaque</strong></span> <span class='ocrx_word' id='word_1_256' title='bbox 306 3221 436 3281; x_wconf 79' lang='lat' dir='ltr'><strong>Vulcani</strong></span> <span class='ocrx_word' id='word_1_257' title='bbox 452 3219 593 3281; x_wconf 88' lang='lat' dir='ltr'><strong>manibus</strong></span> <span class='ocrx_word' id='word_1_258' title='bbox 607 3219 694 3294; x_wconf 87' lang='lat' dir='ltr'><strong>paria</strong></span> <span class='ocrx_word' id='word_1_259' title='bbox 705 3218 812 3278; x_wconf 88' lang='lat' dir='ltr'><strong>induat</strong></span> <span class='ocrx_word' id='word_1_260' title='bbox 825 3232 909 3277; x_wconf 87' lang='lat' dir='ltr'><strong>arma</strong></span> 
     </span>
    </p>

    <p class='ocr_par' dir='ltr' id='par_1_15' title="bbox 121 3300 1076 3543">
     <span class='ocr_line' id='line_1_37' title="bbox 121 3300 1076 3376; baseline 0.003 -16"><span class='ocrx_word' id='word_1_261' title='bbox 121 3303 195 3376; x_wconf 90' lang='lat' dir='ltr'><strong>„lile</strong></span> <span class='ocrx_word' id='word_1_262' title='bbox 209 3302 287 3363; x_wconf 86' lang='lat' dir='ltr'><strong>licet.</strong></span> <span class='ocrx_word' id='word_1_263' title='bbox 321 3304 419 3365; x_wconf 87' lang='lat' dir='ltr'><strong>Vobis</strong></span> <span class='ocrx_word' id='word_1_264' title='bbox 433 3303 657 3364; x_wconf 83' lang='lat' dir='ltr'><strong>animamhano</strong></span> <span class='ocrx_word' id='word_1_265' title='bbox 671 3312 843 3376; x_wconf 83' lang='lat' dir='ltr'><strong>soceroque</strong></span> <span class='ocrx_word' id='word_1_266' title='bbox 855 3300 961 3361; x_wconf 86' lang='lat' dir='ltr'><strong>Latino</strong></span> <span class='ocrx_word' id='word_1_267' title='bbox 1022 3308 1076 3363; x_wconf 71' lang='lat' dir='ltr'><strong>leo</strong></span> 
     </span>
     <span class='ocr_line' id='line_1_38' title="bbox 121 3385 954 3462; baseline 0.002 -19"><span class='ocrx_word' id='word_1_268' title='bbox 121 3385 259 3458; x_wconf 84' lang='lat' dir='ltr'><strong>„Tamus</strong></span> <span class='ocrx_word' id='word_1_269' title='bbox 274 3402 342 3462; x_wconf 81' lang='lat' dir='ltr'><strong>ego,</strong></span> <span class='ocrx_word' id='word_1_270' title='bbox 356 3388 439 3448; x_wconf 89' lang='lat' dir='ltr'><strong>haud</strong></span> <span class='ocrx_word' id='word_1_271' title='bbox 451 3388 504 3448; x_wconf 94' lang='lat' dir='ltr'><strong>ulli</strong></span> <span class='ocrx_word' id='word_1_272' title='bbox 518 3392 656 3447; x_wconf 88' lang='lat' dir='ltr'><strong>veterum</strong></span> <span class='ocrx_word' id='word_1_273' title='bbox 668 3387 777 3446; x_wconf 89' lang='lat' dir='ltr'><strong>virtute</strong></span> <span class='ocrx_word' id='word_1_274' title='bbox 791 3386 954 3459; x_wconf 85' lang='lat' dir='ltr'><strong>secundus,</strong></span> 
     </span>
     <span class='ocr_line' id='line_1_39' title="bbox 121 3468 913 3543; baseline 0 -14"><span class='ocrx_word' id='word_1_275' title='bbox 121 3469 269 3543; x_wconf 79' lang='lat' dir='ltr'><strong>„Devovi</strong></span> <span class='ocrx_word' id='word_1_276' title='bbox 302 3468 403 3533; x_wconf 81' lang='lat' dir='ltr'><strong>Solum</strong></span> <span class='ocrx_word' id='word_1_277' title='bbox 416 3471 534 3535; x_wconf 81' lang='lat' dir='ltr'><strong>Aeneas</strong></span> <span class='ocrx_word' id='word_1_278' title='bbox 546 3477 642 3535; x_wconf 83' lang='lat' dir='ltr'><strong>cocat.</strong></span> <span class='ocrx_word' id='word_1_279' title='bbox 672 3470 913 3540; x_wconf 60' lang='lat' dir='ltr'><strong>Etuocetorm</strong></span> 
     </span>
    </p>
   </div>
   <div class='ocr_carea' id='block_1_4' title="bbox 0 0 1168 3780">
    <p class='ocr_par' dir='ltr' id='par_1_16' title="bbox 0 0 1168 3780">
     <span class='ocr_line' id='line_1_40' title="bbox 0 0 1168 3780; baseline 0 0"><span class='ocrx_word' id='word_1_280' title='bbox 0 0 1168 3780; x_wconf 95' lang='lat' dir='ltr'><strong> </strong></span> 
     </span>
    </p>
   </div>
  </div>
 </body>
</html>
