2326 3780
395 136 588 198 AENEIDOS
609 138 683 198 LIB.
696 138 733 198 X.
976 130 1040 197 27⁷

103 293 245 368 Accipite
258 305 332 365 ergo
347 290 456 350 animis
470 296 562 364 atque
574 290 652 350 baec
664 306 734 351 mea
746 290 829 366 figite
843 290 933 351 dicta.

103 375 361 455 Quandoquidem
373 375 530 434 Ausonios
544 375 687 450 coniungi
701 376 828 435 foedera
840 373 964 434 Teucris
991 380 1044 435 105

103 462 199 523 Haud
213 461 335 530 licitum,
350 473 408 517 nec
422 465 525 518 vestra
538 459 620 534 capit
634 459 788 519 discordia
801 458 908 518 iinem=

103 546 192 623 Quae
200 546 310 619 cuique
319 550 365 602 est
372 543 493 602 fortuna
500 541 601 615 hodie,
616 544 1042 619 quamquisquesccatspem

104 630 183 691 Tros
197 628 365 689 Rutulusve
379 626 452 698 fuat,
467 626 551 687 nullo
565 626 741 686 discrimine
755 625 885 701 habebo,

103 712 171 779 ‚Seu
185 713 254 772 satis
269 712 376 772 ltaldm
391 718 492 770 castra
505 709 667 771 obsidione
679 717 827 783 tenentur,

103 796 180 867 ¹Siv'e
196 812 298 856 errore
312 796 393 855 malo
407 795 515 854 Troiae
527 795 711 871 monitisque
725 795 866 855 sinistris.
992 800 1048 854 111

104 880 168 945 Nec
182 881 310 941 Rutulos
325 880 425 940 solvo.
461 877 524 939 Sua
538 879 648 953 cuique
663 895 776 939 exorsa
788 878 926 939 laborem

105 964 330 1039 Fortunamque
344 964 451 1023 ierant.
486 963 554 1022 Rex
568 963 682 1039 Iupiter
696 963 836 1024 omnibus
851 963 948 1022 idern:

106 1048 180 1109 Fata
193 1050 275 1108 viam
289 1047 471 1108 invenient.“
507 1046 605 1123 Stygii
620 1062 677 1123 per
690 1045 815 1107 flumina
828 1047 938 1120 fratris,

108 1147 145 1195 'er
158 1133 226 1209 pice
241 1140 391 1193 torrentes
406 1139 533 1205 atraque
545 1133 693 1206 voragine
706 1131 791 1206 ripas

110 1218 212 1287 ¹sinuit,
230 1225 259 1277 et
273 1224 368 1277 totum
382 1223 456 1274 nutu
469 1216 636 1274 tremefecit
650 1214 822 1291 Olympum.
992 1221 1045 1273 115

111 1302 144 1363 'ic
159 1300 228 1361 finis
243 1300 343 1370 sandi3
366 1298 445 1358 solio
460 1305 524 1358 tum
538 1298 651 1372 Iupiter
665 1313 758 1358 aureo

113 1385 199 1459 urgit,
216 1382 382 1457 coelicolae
396 1382 530 1440 medium
545 1396 635 1454 quem
649 1382 690 1441 ad
704 1381 807 1441 iimina
822 1382 945 1441 ducunt.

128 1468 247 1527 Interea
260 1466 361 1525 Rutuli
374 1465 472 1541 portis
487 1465 599 1523 circum
615 1463 755 1524 omnibus
769 1466 882 1525 instant

116 1558 231 1611 temere
246 1550 341 1609 caede
354 1550 448 1619 viros,
465 1554 495 1607 et
508 1548 628 1606 moenia
643 1548 765 1623 cingam
778 1547 919 1607 flammis.

118 1633 222 1707 tlegio
236 1633 417 1692 Aeneadum
429 1632 519 1691 vallis
535 1631 665 1691 obsessa
678 1638 804 1706 tenetur,
992 1640 1044 1693 110

120 1732 151 1779 ec
167 1733 239 1792 spes
253 1718 316 1777 ulla
331 1718 436 1791 iugac3
458 1715 561 1775 miseri
576 1721 657 1776 stant
669 1715 884 1776 turribus-altis

122 1802 309 1877 aquidquam
326 1808 355 1860 et
368 1816 439 1859 rara
451 1815 555 1860 muros
572 1800 694 1859 cinxere
708 1815 832 1858 corona.

123 1887 184 1949 sius
199 1885 383 1945 Imbrasides
396 1884 656 1958 Hicetaoniusque
670 1884 854 1959 Thpmoetes

125 1971 296 2043 isaraeique
310 1969 371 2029 duo
387 1976 417 2029 et
431 1969 535 2030 senior
549 1984 616 2028 cum
633 1968 758 2027 Castore
771 1966 933 2043 Thymbris

127 2056 188 2114 ima
202 2055 299 2123 acics;
322 2052 381 2112 hos
395 2053 530 2128 germani
545 2052 735 2127 Sarpedonis
749 2051 840 2112 ambo
993 2061 1045 2113 115

141 2139 245 2198 Clarus
260 2144 290 2197 et
302 2137 436 2196 Theman
450 2136 546 2213 Lycia
558 2137 738 2196 comitantur
750 2135 788 2196 ab
803 2137 873 2197 alta

131 2228 159 2281 rt
173 2222 279 2295 ingens
293 2228 357 2281 toto
373 2221 522 2281 connixus
538 2235 668 2294 corpore
683 2236 801 2296 saxum,

133 2305 179 2364 ‚ud
195 2313 310 2379 partem
325 2306 465 2380 exiguam
479 2305 599 2379 montis,
613 2304 781 2380 Lyrnesius
795 2306 923 2379 Acmon,

135 2404 152 2447 1
168 2388 265 2464 Clytio
280 2389 416 2463 genitore
430 2389 537 2462 minor,
553 2403 611 2448 nec
625 2389 716 2448 fratre
730 2388 918 2450 Menestheo.

143 2473 260 2547 iaculis,
275 2473 316 2531 iili
332 2479 447 2533 certant
461 2473 626 2532 defendere
641 2474 736 2545 saxis,

138 2557 250 2629 dirique
265 2557 372 2631 ignem,
389 2573 546 2631 nervoque
560 2564 665 2632 aptare
680 2557 816 2632 sagittas.

140 2656 161 2700 e
176 2640 394 2715 intermedias,
408 2640 540 2701 Veneris
554 2641 721 2701 iustissimo
735 2656 817 2715 cura,

141 2725 261 2784 rdanius
277 2732 376 2800 caput,
392 2740 475 2797 ecce,
492 2740 568 2799 puer
582 2726 719 2786 detectus
732 2725 905 2797 honestum,

143 2810 193 2869 tiis
208 2824 335 2884 gemma
351 2809 450 2883 micat,
466 2809 579 2868 fulvum
595 2825 674 2882 quae
688 2809 797 2868 dividit
811 2824 925 2882 aarum,

144 2900 151 2953 t
166 2894 244 2952 collo
260 2894 355 2953 decus
369 2900 421 2953 aut
435 2893 535 2968 capiti,
551 2893 601 2951 vei
616 2893 707 2969 quate
721 2908 777 2968 per
791 2898 886 2952 artem

146 2979 243 3037 iusum
254 2977 349 3052 bunc,
364 2984 417 3038 aut
431 2976 530 3037 Oricia
542 2976 723 3050 terebintho,

148 3066 185 3119 :et
198 3059 287 3131 ebur;
310 3062 397 3122 iusos
412 3061 516 3121 cervix
530 3061 579 3119 cui
594 3061 691 3120 lactea
704 3059 804 3119 crines

149 3144 211 3218 ipit
224 3150 254 3203 et
266 3144 350 3205 moiri
364 3145 549 3206 subnectens
563 3144 695 3203 circulus
711 3157 796 3203 auro.

151 3242 270 3302 quoque
284 3229 494 3303 magnanimae
508 3226 658 3302 viderunt,
673 3228 797 3299 ismara,
812 3233 919 3302 gentes

152 3326 225 3370 nera
240 3309 370 3385 dirigere
383 3318 414 3372 et
429 3312 565 3371 calamos
580 3327 698 3371 armare
710 3325 841 3387 veneno,

154 3394 230 3455 aonia
244 3409 395 3471 generose
409 3396 511 3469 domo,
527 3395 580 3455 ubi
594 3394 725 3472 pinguia
737 3396 825 3455 cuitu
