2340 4296
355 694 1015 762 ncnnmoslle.vl.197

59 850 238 931 „Paullatim
252 848 404 911 adnabam
418 857 533 920 terrem
556 850 617 911 iam
631 859 696 911 tuta
709 850 857 925 tenebam,

59 901 116 1013 :jin
130 950 207 1011 gene
223 934 356 997 erudelis
370 934 496 994 madida
509 949 578 995 curn
594 943 679 996 veste
693 943 862 1011 moraturi,

58 984 338 1097 „Prensantemque
347 1020 436 1081 uncie
447 1018 699 1096 manibuscapita
710 1036 822 1095 aspera
831 1018 952 1093 montis,
962 1024 1016 1083 toll

59 1104 173 1181 „Ferro
187 1103 362 1177 inuasisset,
378 1104 608 1179 praedamque
601 1120 707 1180 ignara
720 1110 869 1180 putasset

58 1189 165 1267 „Nune
178 1204 227 1249 me
240 1188 353 1251 fluctus
362 1186 463 1261 hebet,
477 1196 664 1263 versantque
680 1190 711 1249 in
726 1190 813 1249 litore
829 1187 920 1248 venti.

59 1272 168 1351 „Quod
181 1278 212 1333 te
225 1289 282 1350 per
294 1272 373 1335 coeli
388 1272 553 1333 iucundum
567 1274 670 1333 iumen
685 1280 716 1333 et
728 1290 830 1346 auras,

58 1356 137 1433 „Per
150 1358 317 1433 genitorem
332 1372 395 1429 oro,
411 1373 467 1433 per
480 1374 554 1433 spes
570 1358 725 1433 surgentis
740 1358 811 1427 luli;

59 1442 174 1518 „Eripe
188 1458 237 1503 me
251 1443 308 1517 his,
325 1442 445 1515 invicte,
460 1442 564 1502 malis:
588 1450 640 1503 aut
652 1448 684 1503 tu
698 1442 771 1502 milii
786 1450 896 1501 terram
961 1445 1014 1502 ³65

58 1527 330 1604 „inlice-namque
346 1533 471 1601 potes,
493 1534 663 1602 portusque
677 1528 799 1602 require
812 1525 957 1594 Velinos;

57 1614 140 1686 „Aut
153 1618 194 1683 tu,
210 1612 237 1671 si
253 1628 314 1687 qua
327 1611 379 1669 via
393 1618 449 1685 est,
464 1610 491 1671 si
507 1628 598 1685 quam
613 1612 666 1672 tibi
682 1612 754 1671 diva
768 1611 899 1672 creatrix

58 1694 345 1771 „Ostendit-neque
361 1696 449 1765 enirn,
467 1696 569 1769 credo,
586 1697 654 1755 sine
668 1697 791 1756 numine
806 1696 912 1755 divum

58 1780 215 1853 „Flumine
228 1786 311 1839 tento
326 1795 418 1853 parus
432 1778 634 1856 Stygiamque
648 1781 755 1839 innare
770 1781 948 1855 paludem,

58 1866 126 1936 „Da
141 1865 279 1923 dextram
293 1862 416 1933 misero,
431 1869 462 1921 et
474 1869 575 1921 tecum
589 1878 639 1922 me
652 1863 725 1923 tolie
740 1878 795 1938 per
808 1864 918 1937 undas,
961 1868 1014 1926 eto

58 1947 211 2019 ,Sedibus
227 1953 260 2005 ut
274 1948 381 2005 saltem
396 1945 527 2019 placidis
541 1946 571 2004 in
586 1954 684 2005 morte
699 1948 886 2021 quieseam.“

57 2032 142 2090 Talia
157 2031 236 2088 latus
252 2036 325 2101 erat,
342 2027 444 2103 coepit
459 2046 552 2103 quum
566 2030 639 2090 talia
651 2038 756 2089 vates:

58 2114 168 2189 „Unde
181 2112 268 2187 hoec,
284 2129 302 2174 o
317 2112 467 2185 Palinure,
482 2112 611 2173 libitam
627 2113 694 2173 dira
708 2113 844 2188 cupidot

59 2200 125 2273 „Tu
140 2196 264 2274 Stygias
278 2196 452 2257 inhumatus
466 2212 564 2273 aquas
580 2212 763 2272 amnemque
777 2212 918 2257 severum

58 2282 279 2360 „Eumenidum
293 2281 460 2358 edspieies,
476 2282 615 2357 ripamve
629 2280 766 2341 iniussus
780 2280 903 2341 adibist
962 2286 1014 2344 ert

57 2367 192 2448 „Desine
208 2368 269 2427 lata
283 2367 376 2427 deum
390 2363 472 2427 flecti
486 2382 613 2442 sperare
628 2366 802 2441 precando;

56 2450 142 2530 „Sed
158 2467 236 2528 cape
250 2452 332 2511 dicta
345 2466 471 2523 memor,
487 2451 556 2511 dmi
570 2450 681 2511 eolalia
696 2466 798 2511 casus.

57 2538 154 2614 „Nam
169 2546 221 2597 tua
235 2535 352 2596 iinitimi
368 2537 459 2609 longe
473 2535 596 2609 iateque
610 2551 666 2611 per
679 2534 781 2610 arbee,

57 2621 229 2697 „Prodigiis
245 2622 304 2681 aeti
318 2619 513 2691 coelestibus,
530 2636 605 2680 ossa
619 2619 755 2696 piebunt,

57 2705 115 2779 „Et
130 2713 261 2765 statuent
274 2707 429 2774 tumulum,
445 2712 475 2765 et
489 2706 602 2765 tumulo
617 2704 767 2764 solemnia
780 2702 905 2778 mittent,
959 2708 1015 2765 eoo

20 2792 307 2907 „Aeternumque
321 2790 407 2851 locus
422 2787 554 2848 Palinuri
568 2803 680 2848 nomen
694 2786 849 2848 hebebit.“

20 2852 134 2945 s„His
149 2873 237 2932 dictis
252 2890 343 2935 curae
358 2880 485 2945 emotae,
502 2874 673 2969 pulsusque
687 2886 851 2948 parumper

61 2956 161 3016 Corde
176 2957 266 3018 dolor
278 2958 372 3019 tristi.
393 2958 507 3034 gaudet
521 2958 703 3032 cognomine
717 2964 807 3016 terra

101 3040 183 3116 Ergo
197 3042 254 3101 iter
267 3042 420 3118 inceptiun
434 3048 592 3118 peragunt,
607 3040 766 3116 fluvioque
777 3040 993 3117 propinquent

57 3124 168 3186 Navita
182 3141 262 3201 quos
277 3126 336 3185 iam
351 3127 423 3186 inde
436 3133 469 3187 ut
482 3125 590 3204 Stygia
604 3126 766 3203 prospexit
778 3125 817 3185 ab
831 3124 915 3185 unde
961 3128 1014 3187 ³85

58 3210 117 3270 Per
130 3210 253 3271 taciturn
267 3226 374 3271 nemus
389 3212 434 3269 ire
448 3211 621 3286 pedemque
634 3210 795 3271 advertere
808 3209 909 3285 ripee;

60 3294 111 3355 Sic
127 3296 211 3371 prior
225 3296 400 3371 aggreditur
414 3295 503 3355 dietis
517 3303 609 3371 atque
624 3295 762 3370 increpat
773 3295 869 3355 ultrei

60 3378 223 3454 „Quisquis
238 3396 282 3453 es,
297 3387 431 3440 armatus
448 3380 499 3454 qui
514 3387 620 3440 nostre
633 3380 674 3439 od
689 3378 814 3439 flumine
826 3374 936 3445 tendis,

60 3462 157 3534 „Fare
168 3479 234 3538 age,
248 3464 321 3539 quid
333 3465 448 3535 venias,
460 3464 520 3524 iam
531 3464 630 3533 istinc,
646 3471 677 3523 et
687 3460 854 3540 comprime
863 3474 1013 3536 gressum.

60 3545 260 3618 „Umbramm
272 3548 322 3609 hie
333 3550 420 3609 loeus
435 3556 490 3622 est,
508 3548 612 3609 Somni
620 3548 788 3623 Noctisque
798 3560 947 3621 soporaei
960 3551 1015 3608 till

60 3629 218 3706 „Corpora
230 3632 303 3692 viva
314 3635 402 3694 netas
418 3632 526 3712 Stygia
539 3640 664 3693 vectare
679 3632 791 3693 cerina

60 3714 143 3787 „Nee
159 3729 231 3774 vero
245 3716 375 3778 Alciden
389 3733 438 3777 me
452 3734 520 3778 sum
534 3718 664 3778 incuruis
678 3722 800 3776 euntem

60 3799 251 3874 „Accepisse
265 3801 343 3874 lacu,
358 3817 415 3861 nee
428 3802 548 3863 Thesea
560 3801 797 3875 Pirithoumque,

60 3881 135 3956 „Dis
154 3900 336 3959 quamquam
348 3886 441 3961 geniti
456 3893 548 3961 etque
562 3884 668 3946 invicti
680 3884 802 3945 uirilius
816 3886 941 3943 essent.

59 3969 253 4043 „Tartareum
268 3970 319 4029 ille
331 3986 422 4031 manu
438 3971 604 4035 custodem
618 3972 652 4033 in
666 3970 780 4034 vincla
790 3962 913 4048 petiuit
995 3962 1060 4017 Ἧι
