2326 3780
197 228 261 295 150
468 225 501 287 P.
520 225 683 287 VlRGlLH
702 225 876 288 MARONIS

195 382 234 444 Et
246 380 328 458 Tyrii
343 380 469 442 comites
483 379 601 457 passim
615 385 645 439 et
657 378 787 439 Troiam
800 381 941 441 inventus

195 465 431 543 Dardaniusque
443 480 542 541 nepos
556 464 687 524 Veneris
701 463 825 525 diversa
838 480 895 540 per
904 481 998 542 agros

195 549 286 611 Tecta
300 556 382 611 metu
393 548 526 625 petiere3
546 553 638 610 ruunt
651 548 691 607 de
704 548 857 609 montibus
872 566 989 611 munes.

196 632 381 710 Speluncam
392 633 472 694 Dido
488 633 552 693 dux
566 639 596 693 et
608 631 756 693 {troianas
771 634 911 693 eamdem
1103 647 1157 702 165

194 718 375 779 Deveniunt.
409 716 510 777 Prima
523 724 553 777 et
565 716 666 777 Tellus
682 723 712 776 et
726 717 866 791 pronuba
879 718 954 779 luno

194 802 275 863 Dant
289 803 424 877 signum3
442 798 560 861 'fulsere
572 801 660 875 ignes
676 807 706 860 et
719 801 864 862 conscius
878 802 984 862 aether

195 886 369 959 connubiis,
385 899 567 958 summoque
580 885 859 945 ulularunt-vertice
870 886 1044 963 Nymphae.

193 970 248 1029 Ille
262 970 328 1030 dies
343 969 458 1044 primus
473 968 525 1029 leti
538 968 717 1044 primusque
730 970 878 1030 malorum

195 1053 295 1114 Causa
308 1054 377 1112 inita
399 1067 500 1127 neque
514 1052 595 1111 enin
609 1052 715 1127 specie
728 1053 848 1113 famave
862 1061 1010 1130 movetur,
1102 1066 1157 1121 170

193 1137 255 1197 Nec
269 1138 329 1196 iam
343 1136 488 1197 furtivum
501 1136 580 1196 Dido
595 1137 757 1197 meditatur
769 1153 919 1210 amorem;

194 1221 373 1295 coniugum
385 1226 493 1280 vocata
515 1219 575 1280 hoe
589 1221 740 1295 praetexit
753 1222 876 1283 nomine
890 1223 1020 1298 culpam.

161 1373 167 1387 Ι
216 1304 395 1379 ‘Extemplo
409 1303 526 1380 Libyae
539 1320 667 1379 magnas
683 1306 706 1364 it
718 1305 812 1365 Fama
825 1322 882 1382 per
891 1306 993 1381 urbes,

192 1388 286 1448 Fama
297 1388 419 1462 matum
435 1404 496 1464 qua
510 1404 572 1448 non
586 1389 670 1449 adud
683 1390 822 1449 velocius
836 1390 931 1451 ullum

192 1471 359 1532 Mobilitate
371 1472 464 1548 viget,
479 1474 625 1550 viresque
638 1474 769 1549 acquirit
781 1473 912 1534 eundo=.
1101 1484 1153 1539 175

191 1554 289 1615 Parva
302 1563 383 1617 metu
397 1558 506 1634 primo,
520 1572 594 1619 mox
608 1573 680 1619 sese
692 1558 801 1619 11111111
814 1559 845 1617 in
859 1574 960 1631 auras,

192 1641 423 1717 [egrediturque
437 1643 506 1704 solo
520 1648 557 1703 et·
569 1649 661 1718 eaput
673 1642 751 1703 iuter
763 1641 869 1702 nubila
881 1641 993 1702 condit.

191 1725 277 1785 Illam
290 1724 383 1785 Terra
396 1742 518 1802 parens,
534 1726 580 1786 ira
592 1726 708 1787 irritata
720 1726 857 1798 deorum,

190 1810 373 1883 Extremam
388 1818 422 1871 ut
436 1810 605 1887 perbibent,
620 1810 703 1872 Coeo
716 1810 934 1884 Enceladoque
949 1825 1090 1870 sororem

190 1892 355 1969 Progenuit
367 1894 499 1969 pedibus
514 1895 645 1955 celerem
658 1900 690 1956 et
701 1893 877 1969 pernicibus
892 1895 959 1965 alis,
1098 1904 1152 1957 180

190 1977 361 2039 Monstrum
367 1977 561 2051 horrendum,
573 1979 690 2053 ingens,
703 1978 761 2050 cui,
776 1984 1069 2054 quotsuntoorpore
1081 1980 1151 2054 plu-

190 2060 247 2121 Tot
259 2062 368 2138 vigiles
384 2062 464 2123 oculi
479 2060 737 2122 subter-mirabile
751 2060 856 2134 dictu,
1055 2069 1148 2135 [mae

190 2144 246 2206 Tot
259 2146 390 2221 linguae,
405 2145 532 2205 totidem
546 2160 602 2206 ora
614 2152 734 2218 sonant,
750 2152 795 2206 tot
808 2144 937 2220 subrigit
951 2161 1051 2206 aures.

190 2229 286 2289 Nocte
298 2230 383 2291 volat
396 2228 475 2289 coeli
488 2229 591 2289 medio
605 2235 768 2305 terraeque
781 2244 838 2305 per
850 2228 990 2291 umbram

191 2311 339 2387 Stridens,
355 2328 413 2373 nec
426 2313 509 2373 dulci
525 2313 657 2373 declinat
671 2313 785 2373 lumina
792 2328 925 2395 somam
1097 2325 1149 2379 185

190 2396 273 2456 Luce
287 2398 376 2457 sedet
389 2403 494 2457 eustos
508 2404 562 2459 aut
575 2397 685 2458 summi
700 2397 831 2459 emutire
843 2397 924 2470 tecti,
1034 2392 1047 2413 ¹

190 2480 334 2541 'liunibus
349 2487 401 2540 aut
413 2480 492 2554 altis,
508 2487 539 2542 et
551 2496 679 2556 magnas
692 2481 808 2542 territat
821 2480 923 2554 urbes,

190 2563 263 2623 Tam
276 2562 338 2623 ficti
352 2565 502 2641 pravique
514 2570 608 2627 tenax
622 2580 714 2640 quam
727 2564 833 2625 numm
845 2565 921 2624 veri.

189 2647 275 2707 Haec
288 2654 351 2707 tum
365 2648 523 2724 multiplici
537 2648 671 2724 populos
687 2663 829 2708 sermone
842 2647 982 2724 replebat

191 2730 345 2805 Gaudens,
360 2737 391 2791 et
403 2732 517 2807 pariter
531 2733 612 2793 taeta
625 2738 719 2807 atque
731 2732 844 2793 iniecta
858 2732 1001 2811 canebat:
1098 2742 1151 2797 19⁰

189 2813 324 2875 Venisse
336 2815 473 2889 Aenean,
487 2816 618 2877 troiano
634 2817 784 2893 smgune
799 2822 923 2889 cretum,

190 2898 246 2961 cui
260 2915 295 2960 se
308 2899 437 2975 pulchra
451 2900 517 2961 viro
533 2900 674 2976 dignetur
687 2901 813 2975 iungere
826 2899 923 2969 Dido;

189 2984 277 3045 Nunc
289 2984 421 3045 mamam
434 2985 513 3045 inter
525 2999 562 3047 se
574 2986 657 3059 luxu
678 3001 770 3060 quam
783 2984 884 3059 longa,
901 2984 1017 3055 fovere,

189 3066 365 3143 Regnorum
379 3068 571 3131 immemores
585 3068 728 3146 turpique
741 3067 886 3145 cupidine
900 3073 1019 3142 captos.

189 3150 275 3212 Haec
287 3151 405 3230 passim
419 3153 479 3215 dea
491 3153 585 3215 foeda
597 3152 698 3215 viriam
712 3150 854 3213 diffundit
866 3151 899 3213 in
913 3164 978 3213 ora
1095 3161 1151 3216 195

189 3234 338 3298 Protcnus
352 3237 394 3299 ad
406 3254 510 3315 regem
524 3253 633 3300 cursus
647 3238 810 3312 detorquet
822 3234 943 3308 Iarban,

190 3318 389 3397 incenditque
402 3324 536 3385 animum
549 3320 641 3383 dictis
654 3327 746 3398 atque
759 3326 886 3395 aggerat
899 3320 972 3380 iras.

187 3400 247 3465 1111Ι
258 3404 411 3468 Ammona
425 3414 520 3481 satus,
538 3410 627 3483 rapta
639 3404 853 3467 Garamantide
866 3402 1016 3481 Nympha,

13 3482 107 3574 ·
178 3488 305 3572 Tempta
319 3490 390 3558 Iovi
406 3501 530 3561 centum
545 3492 617 3557 latis
631 3488 897 3563 immanitateque
