2326 3780
156 192 219 259 lde
422 191 454 251 Ρ.
476 189 639 253 VlRGlLlI
659 188 835 251 MARONIS

136 354 140 359 '
156 349 264 411 Cetera
276 346 412 423 populea
424 343 545 404 velatur
558 343 667 404 fronde
681 343 835 417 iuventus,

153 433 355 508 Nudatosque
368 429 513 489 humeros
529 428 598 489 oleo
612 427 739 503 perlusa
751 428 882 489 nitescit.
1068 436 1118 490 135

156 514 324 577 Considunt
336 513 486 585 transtris,
500 512 677 588 intentaque
690 510 817 573 brachia
828 513 937 573 remiss

154 600 265 661 Intenti
279 604 459 675 exspectant
472 596 602 673 signum,
617 597 862 671 exsultantiaque
875 597 977 660 haurit

156 684 257 745 Corda
270 700 370 759 pavor
382 683 510 759 pulsans
526 681 713 756 laudumque
726 687 846 741 arrecta
859 681 986 757 cupido.

153 768 238 842 Inde,
253 767 307 829 ubi
321 769 404 828 clara
418 764 503 826 dedit
517 765 648 825 sonitum
662 764 745 841 tuba,
760 765 873 827 linibus
888 781 1018 827 omnes-

154 853 244 914 Haud
258 868 361 912 mora·
370 850 542 926 prosiluere
557 850 640 911 suisa
661 849 730 910 ierit
742 849 868 910 aethera
882 851 999 911 clamor
1067 859 1121 913 140

154 937 307 1011 Nauticus,
323 933 462 995 adductis
478 939 621 1008 spumant
635 934 712 994 lreta
726 950 817 995 versa
830 934 971 1005 lacertis;

154 1020 309 1081 Infindunt
323 1018 436 1095 pariter
450 1018 564 1092 sulcos,
578 1024 736 1093 totumque
750 1019 880 1078 dehiscit
912 1078 916 1087 ,

157 1104 341 1165 Convulsum
354 1101 447 1162 remis
461 1102 632 1178 rostrisque
645 1102 828 1163 tridentibus
843 1119 970 1178 aequor.

155 1189 222 1249 Non
236 1195 297 1247 tam
311 1185 495 1262 praecipites
507 1184 612 1261 biiugo
628 1187 791 1247 certamine
806 1203 946 1263 campum

157 1272 336 1347 Corripuere
349 1277 503 1346 ruuntque
516 1267 606 1330 eliusi
621 1286 745 1330 earcere
759 1268 875 1344 caurus,
1067 1282 1120 1338 145

154 1356 217 1416 Nec
231 1356 276 1416 sic
290 1353 436 1415 immissis
450 1355 575 1430 aurigae
588 1355 735 1415 undantia
749 1356 815 1415 lora

157 1439 347 1500 concussere
360 1438 449 1513 iugis,
465 1438 617 1514 pronique
630 1438 662 1499 in
677 1439 808 1500 verbera
821 1439 966 1516 pendent.

155 1523 230 1585 Tum
243 1524 353 1599 plausu
368 1522 552 1598 fremituque
565 1523 666 1583 virrim
679 1524 853 1599 studiisque
867 1524 1026 1585 faventium

156 1608 311 1668 Consonat
325 1622 415 1667 omne
429 1623 546 1680 nemus,
561 1622 733 1683 vocemque
747 1608 865 1669 inclusa
878 1608 1019 1669 volutant

154 1692 265 1765 Litora,
280 1692 393 1768 pulsati
407 1693 503 1752 colles
518 1692 652 1751 clamore
664 1693 821 1752 resultant
1067 1705 1122 1757 150

155 1776 268 1852 Effugit
281 1783 351 1836 ante
365 1776 443 1837 alios
457 1776 626 1853 primisque
641 1774 769 1837 elabitur
784 1776 875 1837 undis

154 1860 285 1922 Turbam
298 1860 377 1921 inter
390 1862 602 1935 fremitumque
611 1860 704 1938 Gyas,
723 1876 814 1936 quem
825 1859 937 1921 deinde
946 1860 1121 1925 Cloanthus

157 1945 367 2021 Consequitur,
384 1945 492 2006 melior
503 1945 606 2019 remis,
621 1945 679 2004 sod
692 1945 832 2020 pondere
846 1944 937 2020 pinus

154 2030 254 2089 Tarda
269 2036 359 2090 tenet
387 2028 461 2089 Post
473 2028 533 2088 hos
547 2044 647 2103 aequo
663 2028 840 2089 discrimine
851 2028 959 2090 Pristis

157 2112 386 2188 Centaurusque
400 2113 501 2173 locum
514 2111 643 2172 tendunt
657 2128 805 2189 superare
818 2112 962 2189 priorem,
1068 2126 1121 2179 155

154 2196 192 2256 Et
207 2213 288 2257 nuno
300 2196 407 2257 Pristis
421 2195 523 2270 habet,
538 2212 619 2257 nunc
632 2197 747 2257 victam
760 2197 905 2273 praeterit
918 2197 1031 2273 ingens

157 2280 332 2354 Centaurus,
347 2295 428 2340 nune
441 2296 503 2341 una
517 2279 625 2341 ambae
640 2281 814 2357 iunctisque
828 2282 965 2342 feruntur

154 2364 316 2425 Frontibus
332 2372 362 2424 ot
376 2365 469 2439 longa
482 2365 603 2426 sulcant
615 2366 698 2425 vada
712 2367 798 2425 salsa
811 2366 925 2425 carina.

155 2449 281 2523 lamque
294 2447 543 2525 propinquabant
557 2451 686 2526 scopulo
702 2458 874 2525 metamque
888 2448 1046 2526 tenebunt,

157 2531 231 2591 Cum
244 2532 390 2607 princeps
404 2532 570 2610 medioque
585 2535 669 2610 Gyas
683 2536 713 2593 in
729 2534 848 2609 gurgite
861 2533 962 2594 victor
1068 2544 1123 2600 160

154 2616 317 2677 Rectorem
330 2615 418 2676 neuls
433 2617 597 2693 compellat
609 2633 690 2679 voce
703 2618 880 2677 Menoetem

154 2698 239 2776 „Quo
253 2703 369 2758 tantum
382 2699 456 2760 mihi
471 2701 579 2761 dexter
592 2701 683 2762 abist
701 2701 768 2762 Huc
783 2701 880 2777 dirige
894 2711 1058 2778 gressum!

155 2782 257 2857 „Litus
273 2794 351 2855 ama,
367 2790 398 2844 et
411 2784 518 2860 laevas
531 2785 667 2861 stringat,
683 2786 759 2861 sine,
774 2786 910 2862 palmula
923 2794 1053 2859 cautee;

155 2868 279 2941 „Altum
293 2866 344 2926 alii
359 2875 481 2927 teneant
490 2876 497 2927 t
506 2873 524 2901 “
565 2870 663 2939 Dixit;
687 2869 743 2929 sod
755 2885 850 2935 caeca
862 2869 1024 2931 Menoetes

155 2950 239 3012 Saxa
251 2951 371 3027 timens,
386 2968 510 3029 proram
523 2953 625 3029 pelagi
641 2954 804 3029 detorquet
817 2953 858 3014 ad
871 2954 983 3014 undas.
1067 2966 1124 3021 165

154 3036 241 3110 „Quo
257 3036 399 3097 diversus
414 3035 530 3097 abiw
551 3037 659 3097 iterum
672 3037 763 3113 „Pete
776 3054 862 3111 saxu,
876 3037 1036 3099 Menoetel
1048 3046 1070 3075 “

156 3120 229 3181 Cum
243 3121 377 3181 clamore
392 3120 477 3198 Gyas
490 3121 665 3196 revocabat,
681 3130 711 3183 et
724 3137 798 3183 ecee
812 3121 994 3184 Cloanthum

152 3204 291 3281 Respicit
305 3206 467 3266 instantem
480 3212 568 3281 tergo
583 3212 613 3267 et
626 3204 772 3283 propiora
803 3212 966 3267 tenentem.

153 3288 208 3348 llle
222 3288 300 3352 inter
313 3306 485 3367 navemque
502 3290 588 3367 Gyae
602 3292 811 3367 scopulosque
826 3296 973 3351 sonantes

62 3444 66 3453 Ι
153 3372 245 3433 Radit
259 3374 315 3434 iter
329 3374 450 3436 laevum
464 3375 597 3449 interior,
614 3374 778 3451 subitoque
791 3374 926 3450 priorem
1066 3387 1125 3445 170

153 3454 307 3533 Praeterit,
324 3464 355 3517 et
368 3460 456 3521 metis
470 3466 554 3521 tenet
567 3474 707 3535 aequora
718 3466 784 3521 tuta
794 3458 920 3521 relictis.
