2326 3780
469 216 606 279 suurn.
949 164 1017 282 'ast

121 367 236 429 teribus
251 372 346 428 certat
360 382 556 453 consurgere,
570 368 693 442 iamque
707 384 839 444 superne
854 402 861 411 ·

123 454 239 528 rripere
253 460 284 513 et
297 451 388 513 Soles
403 459 434 512 et
448 454 553 512 sidera
566 459 675 531 cuncta
689 452 826 523 minatur,

121 556 125 591 ι
138 552 227 596 ruere
240 537 271 596 in
285 542 382 597 terras
398 537 476 597 coeli
492 538 605 610 fragor.
639 534 697 603 Hic
710 536 802 595 modo
818 537 897 595 laeta
966 547 1018 601 aaa

123 621 174 696 pia
189 635 269 680 nunc
283 620 405 699 miseris
421 620 627 680 circumdatur
641 619 734 679 anxia
747 621 826 693 tatis,

122 706 309 779 moriturque
325 720 420 780 super
434 704 545 766 fluctus
560 712 591 764 et
605 718 683 764 saxa
697 703 856 779 capharei,

122 788 230 848 boioas
246 796 298 848 aut
312 804 370 864 per
384 797 489 849 cautes
502 789 692 864 Aegaeaque
706 789 766 847 late

124 887 187 947 ora,
203 887 271 932 utrm
285 872 437 950 Phrygiae
452 875 572 950 passim
585 888 666 948 vaga
679 871 798 948 praeda
810 878 964 946 peremtas

124 962 213 1017 retuat
227 957 326 1017 omnis
341 958 371 1017 in
387 973 544 1035 aequoreo
560 958 621 1017 iam
634 957 785 1032 naufraga
796 961 904 1024 tractu
966 962 1018 1019 365

124 1055 133 1099 3
148 1039 199 1099 alii
213 1041 317 1101 sidunt
330 1042 443 1116 parites
458 1043 577 1103 virtutis
591 1042 710 1101 honore

124 1127 204 1197 roes,
219 1125 392 1200 mediisque
407 1127 456 1186 siti
472 1134 542 1186 sunt
556 1126 683 1186 sedibus
699 1140 817 1199 omnes,

123 1224 189 1269 mes
204 1208 303 1269 Roma
317 1211 413 1270 decus
428 1211 530 1286 magni
546 1226 625 1284 quos
640 1209 770 1285 suscipit
783 1207 879 1285 orbis.

124 1308 132 1352 r
145 1292 231 1352 Fabii
246 1293 402 1367 Deoiique,
417 1294 467 1353 hie
483 1301 530 1353 est
544 1301 574 1353 et
586 1295 713 1354 Horatia
726 1294 840 1361 virtues

124 1392 132 1436 r
147 1377 272 1435 etfama
287 1383 375 1436 vetus
390 1393 556 1452 numquam
571 1378 716 1437 moritura
730 1377 862 1445 Camilti;
966 1383 1020 1440 360

124 1459 198 1519 rtius
213 1467 251 1533 et,
267 1461 377 1520 mediis
393 1475 484 1535 quem
499 1461 654 1535 quondam
669 1458 796 1520 sedibus
809 1458 901 1520 Urbis

125 1550 230 1603 votum
244 1543 334 1604 bellis
353 1545 524 1604 consumsit
537 1544 664 1618 gurgitis
679 1543 823 1614 haustum

124 1628 197 1686 icius
212 1634 250 1702 et,
265 1628 402 1702 prudeus
418 1629 560 1688 ardorem
577 1642 706 1702 corpore
720 1642 843 1702 passus,

125 1711 222 1786 gitime
238 1712 332 1771 cessit
347 1712 395 1772 oui
410 1713 507 1771 fracta
522 1711 658 1786 potentia
672 1712 770 1785 regis;

125 1810 133 1854 t
150 1795 256 1856 curius
272 1797 374 1856 clarae
388 1796 492 1856 sosius
507 1796 635 1867 virtutis,
652 1802 681 1853 et
695 1795 746 1854 ille
966 1800 1018 1856 ³65

125 1880 253 1955 tmiuius,
268 1881 382 1940 devota
396 1880 482 1939 dedit
497 1880 548 1956 qui
564 1894 698 1954 corpora
712 1881 821 1938 famae.

128 1978 145 2021 e
160 1964 250 2038 igitur
263 1965 342 2024 tales
358 1963 451 2023 sedes
469 1964 590 2039 pietatis
606 1964 751 2022 honorat!

126 2063 140 2106 o
156 2046 383 2123 Scipiadaeque
399 2048 504 2119 duces,
521 2048 634 2107 devota
648 2046 808 2121 triumphis

126 2132 200 2191 enia
215 2146 293 2206 quos
308 2132 436 2207 rapidos
449 2131 586 2209 Libycae
602 2130 793 2205 Carthaginis
809 2129 942 2190 horrent.

138 2216 228 2275 laude
243 2231 301 2275 sua
316 2216 454 2290 vigeaut;
478 2231 537 2290 ego
552 2216 629 2275 Ditis
645 2229 763 2290 opacos
968 2218 1021 2276 ato

127 2314 180 2372 gor
193 2299 278 2359 adire
292 2300 389 2373 lacus,
406 2300 517 2359 viduos
533 2317 551 2359 a
566 2300 679 2359 lumine
693 2298 817 2371 Phoebi,

128 2390 249 2442 vastum
264 2383 483 2458 Phlegethonta
497 2385 570 2459 pati,
587 2400 647 2458 quo
663 2383 797 2442 maxima
808 2381 910 2442 Minos

127 2468 295 2526 nscelerata
308 2468 361 2543 pia
374 2466 640 2529 disceruitlimiua
654 2467 739 2527 sede.

127 2565 159 2623 go
175 2550 236 2608 iarn
251 2566 376 2610 causam
393 2551 511 2624 mortis,
526 2551 588 2610 iam
603 2551 706 2611 dicere
722 2551 802 2611 vitae

127 2632 265 2694 rberibus
282 2650 395 2709 saevae
411 2641 524 2710 cogunt
538 2635 595 2695 sub
611 2635 711 2694 iudice
725 2634 855 2708 Poenae,
969 2638 1021 2694 375

128 2735 153 2776 m
168 2717 240 2776 mihi
256 2726 287 2779 tu
304 2720 348 2779 sis
363 2735 459 2779 eausa
473 2720 553 2792 mali,
569 2735 626 2778 neo
641 2719 785 2780 conscius
800 2717 896 2778 adsis.

128 2818 139 2862 3
153 2803 363 2863 tolerabilibus
381 2804 461 2863 euris
475 2803 553 2863 haee
568 2804 726 2864 immemor
740 2802 826 2862 audit

128 2893 228 2946 tamen
242 2892 276 2947 ut
289 2888 379 2947 vanis
395 2888 529 2948 dimittas
545 2888 648 2948 omnia
661 2887 777 2947 ventis:
830 2938 833 2943 .

128 2971 241 3043 medior
255 2988 421 3048 numquam
435 2972 599 3032 rediturus.
634 2970 679 3031 Tu
693 2971 761 3029 eote
775 2968 876 3025 fontes

128 3055 243 3114 virides
258 3071 418 3127 nemorum
434 3056 529 3114 silvas
546 3061 576 3114 et
590 3068 709 3129 pascua
722 3053 837 3110 laetus:
969 3056 1022 3112 380

128 3153 197 3198 mea
211 3137 341 3199 diffusas
355 3139 514 3214 rapiantur
528 3137 611 3197 diota
625 3151 682 3211 per
695 3132 825 3194 aurast“

131 3228 150 3294 t,
167 3229 197 3280 et
211 3229 347 3283 extrema
362 3223 456 3283 tristis
472 3236 542 3281 eum
555 3234 635 3280 voce
649 3217 789 3278 recessit.

128 3320 186 3363 unc
199 3304 252 3364 ubi
267 3307 429 3367 sollicitum
445 3304 559 3365 dlmisit
573 3303 682 3364 inertia
694 3302 785 3375 vitae,

129 3388 186 3448 rius
202 3389 336 3463 graviter
349 3396 565 3465 regementem,
581 3404 638 3448 nee
652 3387 719 3448 tulit
732 3387 812 3446 ultra
917 3428 920 3433 .

129 3472 208 3534 sibus
223 3472 357 3534 infusum
372 3474 478 3535 euticis
494 3474 534 3534 de
548 3480 647 3535 morte
661 3472 823 3534 dotorem
834 3498 848 3511 -
974 3479 1038 3530 aab
