2326 3780
431 115 627 177 AENEIDOS
647 116 720 176 LIB.
743 118 781 176 V.
1023 115 1083 179 185

124 269 307 346 Alloquitur,
321 268 465 342 talesque
479 268 608 328 effundit
621 275 747 343 pectore
762 276 903 342 questus:
1032 279 1085 335 780

124 355 270 432 „lunonis
284 352 389 427 gravis
403 352 449 410 ira
462 367 519 411 nec
534 352 739 411 exsaturabile
753 359 861 427 pectus

125 440 266 515 „Cogunt
278 452 336 509 me,
351 436 499 511 Neptune,
515 451 625 512 preces
641 436 831 495 descendere
846 437 876 495 in
893 453 999 498 omnes

124 524 242 598 „Quam
256 536 314 581 nec
327 522 421 594 longa
432 519 509 591 dies,
525 521 624 595 pietas
639 535 697 580 nec
711 521 826 595 mitigat
840 521 918 591 ulla;

124 609 208 680 „Nec
222 606 305 665 lovis
320 603 449 680 imperio
466 603 600 680 latisque
615 604 743 664 infracta
758 604 897 680 quiescit.

125 692 210 766 „Non
225 690 329 748 inedia
343 689 383 748 de
396 694 488 763 gente
501 688 658 767 Phrygum
673 688 818 767 exedisse
833 690 974 749 nefandis
1032 698 1083 753 780

106 794 109 798 ’
125 775 259 850 „Urbem
274 774 355 834 odiis
370 774 445 832 satis
460 779 517 846 est,
533 788 591 832 nec
604 788 738 848 poenam
751 781 839 833 traxe
852 790 909 849 per
923 790 1061 844 000000000ος

124 860 303 935 „Reliquias
313 858 431 932 Troiae,
447 857 567 917 cineres
582 865 674 932 atque
689 873 764 917 ossa
777 866 932 933 peremtae

125 944 334 1018 „Insequiturz
357 957 469 1001 causas
482 942 557 1001 tanti
572 942 650 1001 sciat
663 942 715 1001 illa
729 942 851 1002 luroris.

123 1031 214 1105 „lpse
228 1028 300 1085 mihi
315 1043 414 1102 nuper
426 1025 553 1103 Libycis
566 1033 598 1085 tu
611 1026 698 1086 testis
713 1028 744 1087 in
758 1027 859 1101 undis,
965 1101 966 1104 Ἴ

125 1114 242 1188 „Quam
256 1113 367 1171 molem
383 1110 484 1169 subito
500 1111 642 1170 excierit:
664 1111 760 1170 maria
776 1112 879 1171 omnia
892 1112 981 1173 coelo
1031 1119 1084 1175 790

124 1196 274 1272 „Miscuit
294 1195 412 1255 Aeoliis
427 1194 636 1269 nequidquam
651 1195 728 1255 freta
741 1196 896 1272 procellis,

122 1282 178 1356 „In
193 1280 297 1354 regnis
312 1279 372 1337 hoc
388 1294 465 1337 ausa
478 1279 549 1338 tuis.

123 1366 200 1439 „Per
215 1363 317 1422 scelus
333 1377 405 1421 ecce
420 1362 510 1420 etiam
524 1362 663 1421 Troianis
677 1362 824 1422 matribus
839 1364 916 1424 actis

124 1447 270 1524 „Exussit
284 1446 375 1503 laede
389 1461 521 1520 puppes,
537 1451 567 1504 et
582 1447 683 1506 classe
698 1446 819 1521 subegit

124 1532 270 1607 „Amissa
284 1530 388 1588 socios
404 1529 527 1603 ignotae
541 1530 680 1606 linquere
693 1537 803 1589 terrae.
1031 1523 1083 1596 7‘95

124 1615 234 1691 „Quod
250 1619 400 1688 superest,
417 1627 481 1683 oro,
497 1612 588 1672 liceat
602 1614 677 1672 dare
690 1620 754 1673 tuta
768 1629 825 1688 per
837 1615 937 1676 undas

125 1698 222 1775 „Vela
235 1697 298 1770 tibi,
313 1697 403 1755 liceat
416 1696 597 1756 Laurentem
611 1698 760 1772 attingere
773 1697 928 1775 Thybrim,

124 1781 179 1858 „Si
194 1796 345 1842 concessa
360 1788 440 1856 peta,
458 1782 484 1839 si
499 1781 572 1840 dant
586 1798 624 1841 ea
638 1782 760 1841 moenia
777 1779 924 1842 Parcae.“

123 1870 199 1927 Tum
215 1866 374 1926 Saturnius
388 1866 465 1924 haec
481 1866 613 1926 domitor
627 1867 719 1926 maris
734 1867 829 1926 edidit
843 1867 911 1926 alti:

124 1952 203 2029 „Fas
219 1966 309 2010 omne
323 1957 378 2023 est,
393 1950 555 2026 Cytherea,
571 1951 693 2011 meista
708 1951 804 2010 iidere
819 1952 931 2026 regnis,
1031 1960 1085 2015 800

124 2036 234 2112 „Unde
249 2051 346 2110 genus
362 2035 459 2096 ducis.
487 2034 585 2095 Merui
601 2050 740 2109 quoque:
763 2051 858 2110 saepe
874 2036 993 2095 furores

123 2119 322 2195 „compressi
338 2126 368 2178 et
380 2120 497 2178 rabiem
510 2125 624 2178 tantam
639 2119 780 2194 coelique
794 2120 968 2194 marisque;
1037 2192 1041 2197 Ι
1072 2192 1081 2205 ,

124 2205 208 2279 ,,Νο0
223 2204 322 2263 minor
336 2204 366 2262 in
380 2205 469 2262 terris
478 2202 649 2264 -Xanthum
665 2202 883 2278 Simoentaque
895 2211 1010 2265 testor-

123 2292 271 2364 „Aeneae
285 2288 358 2347 mihi
373 2302 447 2347 cura
460 2289 513 2347 tui.
543 2288 640 2362 Quum
654 2288 745 2348 Troia
757 2288 894 2348 Achilles

123 2373 322 2447 „Exanimata
336 2388 470 2446 sequens
486 2373 667 2448 impingeret
682 2373 803 2448 agmina
816 2374 920 2447 muriS,
1031 2381 1083 2435 805

123 2457 240 2532 „Millia
253 2455 347 2514 multa
362 2456 447 2514 daret
461 2457 532 2531 leto,
548 2466 769 2533 gemerentque
782 2459 891 2534 repleti

123 2541 266 2617 „Amnes
282 2555 339 2598 nec
352 2540 488 2615 repertae
502 2542 584 2600 viam
598 2550 691 2618 atque
705 2543 850 2603 evolvere
863 2548 974 2618 posset

124 2627 178 2701 „In
195 2639 278 2683 mare
294 2639 329 2683 se
342 2623 496 2695 Xanthum
519 2626 643 2686 Pelidae
656 2634 728 2686 tunc
744 2642 802 2703 ego
817 2626 887 2687 lorti

122 2710 354 2783 „congressum
368 2711 505 2783 Aenean,
525 2726 583 2770 nec
598 2710 647 2771 dis
662 2726 720 2770 nec
734 2711 852 2771 viribus
866 2712 983 2787 aequis,

122 2792 230 2868 „Nube
245 2809 322 2851 cava
334 2794 432 2868 rapui,
449 2809 594 2869 cuperem
609 2811 703 2871 qaum
716 2802 837 2855 vertere
852 2795 891 2855 ab
906 2795 964 2856 imo
1028 2802 1084 2856 810

87 2940 93 2949 ,
122 2876 267 2955 „Structa
280 2877 357 2937 meis
372 2877 514 2937 manibus
529 2880 673 2954 periurae
687 2881 810 2940 moenia
822 2880 941 2940 Troiae.

122 2962 229 3038 „Nunc
242 2977 366 3036 quoque
380 2978 467 3022 mens
482 2962 591 3023 eadem
603 2971 720 3040 perstat
730 2965 818 3023 mihi=
834 2963 915 3038 pelle
927 2963 1081 3022 timorem:

122 3047 246 3122 „Tatus,
264 3062 342 3119 quos
358 3052 457 3122 optas,
475 3055 581 3122 portus
596 3048 725 3108 accedet
736 3047 863 3107 Averni.

121 3130 230 3206 „Unus
246 3129 302 3188 erit
315 3136 450 3205 tanturn,
470 3132 618 3191 amissum
634 3147 724 3206 quem
738 3132 856 3206 grugr'te
872 3139 1012 3205 quaeret=

122 3213 243 3287 „Unum
258 3229 315 3288 pro
330 3215 433 3274 multis
448 3214 570 3276 dabitur
583 3220 707 3292 caput.“
886 3210 889 3217 '
1035 3220 1099 3270 800

122 3299 178 3359 His
193 3297 245 3356 ubi
261 3298 340 3356 laeta
355 3298 433 3357 deae
445 3300 608 3374 permulsit
623 3307 757 3379 pectora
769 3298 888 3366 diutiss

118 3381 219 3454 longit
233 3396 332 3453 equos
345 3396 423 3443 auro
437 3385 571 3465 genitor,
589 3387 855 3465 spumantiaque
867 3379 969 3444 adbit
