2340 4296
363 632 742 717 eenamcenam
952 655 1015 721 nso

56 805 170 885 „Unda
183 804 267 879 ieret,
280 803 448 881 piscesque
463 803 584 878 impasti
600 804 725 864 vulnera
738 806 902 865 lambent“
966 818 1018 872 500

57 890 207 951 Proteum
221 890 373 949 Antaeum
387 895 418 947 et
430 888 553 961 Lucam,
567 886 667 963 prima
679 890 801 963 agmina
813 890 913 965 Turni,

57 971 255 1048 Persequitur
268 972 439 1047 fortemque
454 972 581 1031 Numam
595 972 772 1048 fulvumque
787 974 962 1047 Camertem,

57 1056 252 1132 Magnanimo
266 1056 435 1117 Volscente
449 1063 556 1129 satum,
572 1055 741 1117 ditissimus
756 1057 821 1132 agri

61 1142 118 1216 Qui
132 1140 188 1200 luit
200 1139 393 1202 Ausonidum
407 1145 439 1199 el
452 1139 550 1199 tacitis
564 1140 703 1215 regnavit
716 1141 866 1219 Amyclis.

59 1228 205 1300 Aegaeon
222 1224 329 1300 qualis,
345 1231 464 1283 centurn
480 1223 529 1284 cui
542 1222 669 1284 brachia
683 1224 786 1285 dicunt
965 1234 1017 1290 505
1056 1269 1061 1279 .

60 1310 270 1384 centenasque
284 1324 402 1383 uranus,
417 1307 637 1383 quinquaginta
650 1307 755 1369 oribus
771 1309 871 1384 ignem

56 1392 298 1468 Pectoribusque
312 1392 437 1466 arsisse,
452 1391 536 1452 lovis
551 1408 644 1467 quum
658 1392 783 1453 fulmina
797 1401 903 1454 contra

56 1479 115 1538 Tot
128 1475 253 1552 paribus
269 1483 420 1551 streperet
432 1476 550 1551 clipeis,
564 1483 609 1537 tot
622 1477 786 1552 stringeret
799 1493 906 1549 enses:

58 1561 110 1621 Sic
123 1567 186 1620 toto
201 1562 326 1621 Aeneas
340 1559 481 1620 desaevit
494 1561 525 1620 in
540 1575 677 1636 aequore
689 1561 796 1635 victor,

57 1645 97 1704 Ut
111 1645 205 1704 semel
220 1636 348 1720 intepuit
361 1658 476 1704 mucro.
505 1644 581 1718 Quin
596 1660 671 1705 ecce
684 1644 812 1721 Niphaei
965 1654 1017 1712 570

57 1727 258 1803 Quadriiugos
274 1730 303 1787 in
318 1743 417 1804 equos
432 1728 625 1803 adversaque
640 1736 766 1803 pectora
780 1730 888 1801 tendit;
975 1756 979 1765 ·

55 1816 159 1888 Atque
172 1813 215 1871 illi
229 1815 321 1886 longe
336 1812 524 1886 gradientem
539 1819 569 1871 et
583 1813 649 1871 dira
663 1813 839 1873 trementem

55 1896 96 1956 Ut
111 1896 224 1967 videre,
239 1903 321 1955 metu
335 1896 417 1955 versi
432 1902 575 1969 retroque
588 1903 712 1955 ruentes

54 1978 284 2053 Effunduntque
300 1980 418 2049 ducem,
434 1979 617 2054 rapiuntque
633 1978 674 2038 ad
686 1979 776 2039 litora
790 1996 919 2041 currum.

55 2064 176 2122 Interea
188 2062 300 2136 biiugis
314 2063 404 2122 insert
418 2078 453 2123 se
467 2064 607 2136 Lucagus
622 2061 699 2121 albis
788 2106 791 2112 -
962 2073 1013 2128 515

56 2149 90 2205 10
105 2146 224 2205 medios
240 2147 393 2221 fraterque
407 2146 513 2221 Liger;
536 2146 593 2206 sed
608 2146 700 2205 irater
714 2144 841 2206 habenis

56 2231 164 2296 Flectit
178 2246 287 2306 equos,
302 2232 437 2290 strictum
452 2237 531 2291 rotat
545 2244 617 2289 acer
629 2229 769 2303 Lucagus
785 2245 899 2291 ensem.

55 2315 145 2376 Haud
160 2315 227 2374 tulit
240 2316 363 2374 Aeneas
377 2320 460 2373 taum
476 2316 598 2375 fervore
612 2313 764 2372 furentess

55 2399 152 2472 irruit,
168 2399 362 2474 adversaque
377 2399 486 2473 ingens
501 2397 643 2475 apparuit
655 2384 752 2458 hosta

56 2483 111 2542 Cui
126 2484 230 2558 Liger:
960 2490 1013 2546 580

56 2567 143 2642 ,,Νο0
156 2567 313 2628 Diomedis
329 2582 437 2642 equos,
453 2581 512 2626 nec
527 2581 648 2626 currum
662 2565 762 2625 cernis
776 2565 886 2626 Achilli

55 2653 138 2725 „Aut
151 2649 302 2728 Phrygiae
318 2666 461 2726 campos;
485 2665 565 2709 nunc
578 2649 650 2709 belli
664 2650 735 2710 linis
750 2658 781 2710 et
794 2650 862 2710 aeri

55 2734 130 2801 „llis
146 2732 266 2794 dubitur
280 2736 401 2795 terris.“
428 2735 554 2794 Vesano
568 2735 641 2793 talia
654 2734 714 2793 late
937 2802 939 2807 ,

55 2819 143 2878 Dicta
156 2819 262 2878 volant
274 2819 391 2893 Ligeri;
414 2820 470 2879 sed
485 2834 548 2879 non
562 2825 592 2877 et
606 2818 714 2878 Troius
729 2818 822 2879 heros

54 2902 144 2963 Dicta
157 2909 245 2977 parat
258 2910 376 2962 contra:
399 2903 530 2962 iaculum
544 2918 614 2961 nam
628 2910 750 2978 torquet
764 2904 794 2962 in
808 2902 923 2963 hostes.
958 2910 1009 2966 585

53 2987 196 3059 Lucagus
209 2991 243 3045 ut
256 3000 371 3060 pronus
386 2987 526 3061 pendens
541 2986 571 3045 in
585 2985 713 3046 verbera
727 2987 787 3046 telo

53 3069 222 3130 Admonuit
235 3068 367 3144 biiugos,
383 3070 518 3145 proiecto
534 3071 605 3130 dum
621 3070 702 3145 pede
716 3071 806 3131 luero

53 3158 149 3230 Aptat
162 3168 197 3214 se
212 3169 348 3229 pugnae;
371 3153 454 3213 subit
467 3170 538 3215 oras
553 3154 642 3215 hasta
655 3169 712 3229 per
725 3155 801 3215 imas

52 3236 208 3314 Fulgentis
224 3238 323 3314 clipei,
338 3244 400 3296 tum
414 3239 533 3299 laevum
548 3239 684 3313 perforat
697 3239 823 3314 ingueu=

53 3322 213 3383 Excessus
227 3338 317 3382 curru
331 3320 530 3383 moribundus
545 3323 678 3382 volvitur
692 3324 784 3383 arvis.
959 3328 1011 3383 590

54 3406 149 3478 Quem
163 3407 234 3482 pius
247 3408 372 3467 Aeneas
386 3406 474 3466 dietis
490 3404 600 3466 affatur
614 3407 741 3467 amaris:

54 3488 204 3565 „Lucage
219 3491 302 3551 nulla
314 3498 385 3551 tuos
400 3506 507 3551 currus
522 3492 594 3565 iuga
608 3490 712 3564 segnis
727 3503 874 3563 equorum

55 3571 218 3645 „Prodidit
231 3582 284 3635 sut
295 3591 396 3635 vanae
410 3582 530 3635 uertere
545 3590 584 3633 ex
598 3572 738 3634 hostibus
753 3571 894 3641 umbrae;

54 3656 147 3730 „lpse
160 3655 236 3716 rotis
250 3659 364 3720 sahens
378 3660 449 3734 iuga
462 3658 611 3719 deseris.“
638 3657 722 3717 Haec
737 3654 778 3715 ita
792 3655 871 3715 tatus

53 3739 190 3815 Arripuit
202 3738 333 3817 biiugos.
361 3743 466 3804 Frater
480 3740 625 3802 tendebat
638 3739 752 3801 inertes
959 3746 1008 3803 505

52 3824 162 3883 lnlelix
174 3823 303 3900 palmas,
318 3842 409 3887 curru
423 3827 569 3902 delapsus
584 3824 710 3885 eodem:

51 3908 131 3983 „Per
143 3915 182 3981 te,
196 3924 254 3984 per
269 3910 321 3986 qui
335 3918 365 3971 te
379 3912 470 3971 talem
484 3924 618 3986 genuere
632 3911 795 3986 parentes„

94 4009 253 4054 vincimus.
795 3993 847 4067 til¹
