2340 4296
135 361 150 382 ι,
185 367 197 380 2
223 297 922 375 ,mmm-anamaammfflmf
1012 289 1015 295 ·

365 669 561 732 AENEIDOS
581 670 655 732 LlB.
675 671 726 732 lx.
961 674 1024 741 257

66 828 139 889 Alta
152 832 266 899 tenent,
280 838 414 885 necnon
428 823 539 899 trepidi
555 823 717 883 lonnidine
730 832 837 899 portas

66 910 246 986 Explorant,
261 916 436 985 pontesque
449 914 481 969 et
494 909 727 983 propugnacula
740 910 876 983 iungunt,
976 920 1026 976 lto

64 996 140 1055 Tela
153 1000 270 1069 genunt
297 993 415 1054 Instant
427 990 607 1053 Mnestheus
621 1008 755 1068 acerque
769 992 922 1070 Serestus,

66 1080 153 1155 Quos
168 1084 256 1153 pater
267 1080 400 1150 Aeneas,
416 1076 443 1137 sl
460 1076 583 1151 quande
598 1077 732 1137 adversa
745 1085 901 1153 vocarent,

66 1166 215 1224 Rectorcs
229 1162 373 1222 iuvenum
388 1168 419 1221 et
431 1176 531 1221 rerum
546 1160 633 1221 dedit
646 1176 718 1221 esse
731 1162 905 1237 magistros.

67 1246 173 1309 Omnis
188 1262 245 1322 per
256 1260 364 1307 muros
378 1245 470 1320 legio,
485 1245 592 1305 sortita
605 1246 762 1321 periclum,

66 1331 206 1394 Excubat
218 1337 403 1406 exercetque
416 1330 512 1403 vices,
528 1330 614 1405 qued
624 1330 891 1405 eoiquetuendmn
901 1340 959 1393 est.
976 1338 1025 1393 lto

66 1416 157 1477 Nisus
174 1422 239 1475 erat
253 1422 362 1491 portae
375 1420 490 1488 custos,
505 1415 673 1475 acerrimus
687 1416 790 1487 annis,

64 1498 258 1579 Hyrtacides,
274 1498 416 1559 comitem
428 1500 555 1559 Aeneae
570 1514 661 1573 quem
674 1500 799 1559 miserat
812 1498 868 1561 lda

63 1584 223 1658 venatrix,
237 1584 338 1644 iaculo
353 1583 483 1643 celerem
497 1582 680 1660 levibusque
693 1584 830 1659 sagittis3

61 1670 102 1729 Et
117 1670 202 1728 iuxta
215 1682 321 1728 eomes
334 1666 497 1745 Euryalus,
514 1681 576 1741 quo
590 1668 747 1743 pulchrior
760 1669 836 1729 ulter

63 1754 131 1814 Non
146 1754 202 1813 luit
214 1750 404 1825 Aeneadum,
418 1750 549 1812 Troiana
562 1768 665 1827 neque
678 1752 777 1814 induit
790 1770 884 1829 arma,
976 1762 1026 1817 lde

64 1838 126 1899 Ora
139 1852 217 1913 puer
231 1836 331 1913 prima
344 1836 471 1911 signans
486 1836 608 1896 intonsa
622 1838 755 1897 iuventa.

61 1922 120 1981 llis
135 1936 221 1983 amor
233 1936 315 2005 unus
329 1926 404 1995 erat,
418 1920 594 1996 pariterque
608 1920 639 1980 in
653 1920 735 1980 bella
747 1920 894 1992 ruebant;

60 2006 141 2065 Tum
156 2020 279 2081 quoque
293 2004 446 2065 communi
460 2012 580 2079 portam
595 2005 726 2065 statione
740 2005 894 2064 tenebant.

64 2088 159 2149 Nisus
172 2088 230 2149 ait:
250 2087 349 2165 „Dine
362 2088 443 2149 hunc
457 2090 599 2149 ardorem
613 2088 766 2149 mentibus
780 2088 905 2162 addunt,

63 2172 229 2249 „Euryale
243 2188 282 2231 an
297 2188 354 2233 suu
368 2172 480 2249 cuique
494 2174 572 2233 deus
586 2174 622 2233 nt
635 2173 702 2231 dira
716 2171 852 2247 cupidot
974 2180 1024 2233 rffi

64 2254 149 2333 „Aut
162 2271 295 2332 pugnarn
314 2263 368 2317 aut
381 2256 497 2331 aliquid
511 2258 571 2317 iarn
586 2256 702 2317 dudum
721 2256 869 2315 invadere
881 2270 1023 2331 magnum

62 2338 175 2417 „Mens
189 2340 283 2417 agitat
295 2341 378 2415 milri,
392 2356 451 2401 nec
465 2340 588 2415 placida
602 2346 745 2401 contenta
760 2340 863 2414 quiete
876 2347 934 2400 est.

61 2423 201 2501 „camis
218 2440 298 2501 quae
310 2426 441 2487 Rutulos
456 2425 568 2485 habeat
580 2426 695 2487 fiducia
708 2440 820 2484 rerum.

59 2508 211 2585 „Lumina
225 2526 296 2569 rara
309 2510 431 2584 micant,
447 2525 556 2569 somno
570 2511 707 2587 vinoque
722 2508 813 2569 soluti

60 2592 285 2669 „Procubuera
301 2594 392 2654 silent
406 2594 466 2653 late
481 2595 558 2655 loca.
586 2594 713 2670 Percipe
727 2608 830 2670 porro,
974 2600 1025 2655 190

59 2675 162 2753 „Quid
177 2676 321 2751 dubitem,
337 2684 368 2738 et
382 2693 462 2753 quae
475 2694 558 2738 nunc
573 2680 674 2738 animo
689 2676 839 2739 sententia
853 2682 966 2751 surgat.

61 2760 211 2837 „Aenean
226 2762 319 2822 acciri
334 2777 451 2836 omnes,
467 2764 663 2838 populusque
677 2770 853 2839 patresque,

59 2844 272 2921 „Exposcunt
287 2846 426 2921 mittique
438 2847 533 2921 viros,
550 2848 601 2921 qui
616 2853 700 2906 certa
712 2852 878 2921 reportent.

60 2928 130 3005 ‚,Si,
143 2928 198 2989 tibl
213 2946 293 3005 quae
307 2946 417 3007 posco,
432 2930 610 3007 promittunt
622 2960 635 2973 ·
649 2947 720 2990 nam
734 2930 807 2990 nrilri
821 2928 892 2988 iacti

59 3012 178 3088 „Fama
191 3022 240 3073 sat
253 3021 339 3083 est-3
359 3017 474 3076 tumulo
489 3016 599 3075 videor
611 3016 747 3091 reperire
762 3014 818 3075 sub
834 3013 886 3074 illo
973 3022 1024 3077 195

58 3096 181 3174 „Posse
193 3097 276 3157 vlam
291 3098 330 3159 ad
345 3115 451 3160 muros
466 3106 497 3160 et
510 3100 632 3160 moenia
645 3099 832 3159 Pallantea.“

59 3180 227 3256 Obstupuit
240 3198 352 3259 magno
368 3184 490 3243 laudum
505 3199 675 3261 percussus
690 3198 795 3243 amore

57 3264 231 3341 Euryalum
255 3266 345 3327 simul
359 3267 408 3329 his
423 3269 580 3328 ardentem
595 3268 706 3328 ellatur
720 3269 866 3327 amicum=

57 3350 173 3427 „illene
188 3350 279 3425 igitur
292 3350 411 3412 socium
426 3354 553 3413 summis
568 3352 735 3427 adiungere
748 3351 851 3424 rebus,

57 3434 165 3513 „Nisa
181 3434 284 3509 lirgist
305 3435 412 3497 Solum
426 3443 456 3497 te
471 3436 501 3496 ln
516 3444 599 3497 anta
613 3436 748 3513 pericula
762 3436 899 3495 mittamt
971 3442 1025 3495 20⁰

57 3518 148 3595 „Non
165 3518 207 3578 ita
220 3535 269 3579 me
283 3522 411 3595 genitor,
426 3520 516 3581 bellis
531 3528 674 3582 assuetus
689 3519 844 3596 Opheltes,

57 3602 260 3681 „Argolicum
274 3612 422 3666 terrorem
435 3603 514 3665 inter
526 3606 699 3681 Troiaeque
714 3605 838 3665 labores

58 3685 241 3763 „Sublatum
257 3688 375 3764 erudiit,
389 3704 447 3749 nec
462 3696 561 3750 tecum
575 3690 648 3749 talia
662 3691 755 3765 gessi,

58 3770 307 3847 „Magnanimum
318 3774 445 3834 Aenean
461 3780 491 3834 et
505 3776 567 3835 latu
581 3782 717 3834 extrema
731 3779 871 3835 secutus:

59 3854 136 3930 „Est
150 3854 209 3927 hic,
226 3863 273 3915 est
286 3856 406 3918 animus
421 3858 499 3919 lucis
514 3865 691 3932 contemtor,
708 3865 738 3918 et
751 3857 845 3917 istum
974 3864 1036 3911 ‘aare

60 3936 137 4019 „Qui
154 3938 217 3999 vita
229 3940 310 4003 bene
324 3942 429 4003 credat
443 3943 512 4023 erni,
528 3960 590 4021 quo
605 3942 724 4021 tendis,
734 3941 932 4003 nonoreru.u

106 4038 263 4084 vinculus.
800 4032 838 4091 ut
