2326 3780
359 196 364 208 .
399 142 604 205 Bocotlcn.
645 142 728 202 loct.
749 142 799 200 Ill.
1057 139 1079 203 9

129 300 192 358 lam
207 314 300 359 cornu
314 304 397 375 petat
411 295 587 373 etpedibus
603 294 655 368 qui
670 301 794 369 spargat
808 309 940 355 arenam.

465 377 734 441 DAMOETAS.

128 468 184 542 Qui
198 474 236 538 te,
251 466 357 539 Pollio,
373 472 461 541 amat,
476 464 587 536 veniat,¹
603 477 665 537 quo
682 467 712 521 te
727 476 851 537 quoque
865 463 992 537 gaudet3

124 552 217 612 Mella
230 551 327 611 fluant
340 551 391 624 illl,
407 549 485 609 ferat
499 555 530 607 ct
542 547 637 607 rubus
651 561 744 621 asper
759 562 920 606 amomum.

469 628 734 692 MENALCAS.

126 719 181 793 Qui
195 719 321 778 Bavium
337 733 398 778 non
414 716 487 792 odit
502 723 583 775 amet
595 722 648 775 tua
662 715 803 788 carmina,
817 714 928 789 Maeui,
1043 724 1080 779 oo

125 806 226 878 Atque
240 803 321 862 idern
335 804 439 876 iungat
452 801 562 876 vulpes
578 806 608 858 et
621 799 754 873 mulgeat
767 799 880 859 hircos.

465 880 732 944 DAMOETAS.

128 968 184 1041 Qui
198 969 294 1043 legitis
309 967 403 1029 flores
419 976 449 1029 et
462 969 545 1028 humi
559 967 716 1028 nascentia
730 966 824 1043 fraga,

125 1052 274 1128 Frigidus,
290 1069 308 1112 o
324 1054 420 1130 pueri,
434 1053 529 1127 lugite
542 1052 622 1126 hinc,
636 1052 710 1111 latet
723 1052 832 1127 anguis
847 1052 879 1111 in
893 1050 997 1111 herba.

469 1133 733 1197 MENALGAS.

125 1219 252 1293 Parcite,
267 1234 352 1292 oves,
368 1220 492 1280 nimium
506 1220 689 1295 procedere:
712 1235 774 1280 non
788 1219 868 1279 bono
881 1221 967 1296 ripae

127 1303 280 1374 Creditum
303 1303 371 1378 ipse
384 1303 465 1365 aries
480 1304 570 1363 ctiam
584 1319 664 1363 nunc
677 1305 792 1364 vellera
807 1304 910 1364 siccat.
1043 1311 1078 1367 95

466 1385 732 1447 DAMOETAS.

124 1471 237 1546 Tityre,
254 1476 419 1546 pascentes
434 1486 453 1530 a
466 1468 592 1529 flumine
605 1471 687 1530 reice
701 1471 852 1546 capellas:

123 1555 206 1631 Ipse,
222 1554 273 1614 ubi
289 1561 410 1631 tempus
426 1554 490 1626 erit,
507 1568 614 1613 ornnes
628 1553 660 1612 in
674 1554 757 1612 lonte
771 1553 892 1614 lavabo.

467 1636 733 1697 MENALCAS.

125 1723 230 1798 Cogite
246 1738 331 1795 oves,
346 1722 448 1797 pueri:
472 1723 498 1782 si
513 1723 561 1780 lac
575 1720 767 1796 praeceperit
781 1728 894 1795 aestus,

123 1808 164 1868 Ut
177 1823 283 1883 nuper,
303 1807 415 1867 frustra
428 1805 640 1882 pressabimus
655 1804 752 1864 ubera
766 1804 886 1878 palmis.

430 1958 436 1967 ⁸
462 1887 735 1950 DAMOETAS.

122 1974 192 2033 Heu
201 1973 270 2047 heu,
287 1990 378 2049 quarn
388 1974 494 2050 pingui
505 1989 608 2033 macer
617 1979 665 2033 est
674 1973 748 2033 mihi
758 1979 864 2034 taurus
875 1972 906 2032 in
919 1979 1007 2032 ervo!
1027 1981 1080 2035 1⁰0

122 2059 209 2117 idern
223 2073 309 2117 amor
323 2058 447 2119 exitium
461 2059 568 2135 pecori
582 2058 768 2134 pecorisque
782 2057 939 2133 magistro.

465 2140 732 2202 MENALCAS.

121 2226 178 2285 His
195 2233 276 2285 certe
289 2242 390 2302 neque
404 2242 491 2286 amor
506 2237 619 2286 caussa
632 2233 694 2285 est=
717 2226 769 2285 vix
784 2226 907 2288 ossibus
922 2225 1056 2287 haerent.

120 2309 233 2370 Nescio
249 2310 319 2385 quis
333 2319 456 2371 teneros
472 2310 580 2370 oculus
594 2308 667 2368 milri
681 2310 811 2370 fascinat
824 2327 932 2387 agnos.

460 2391 732 2453 DAMOETAS.

120 2478 187 2550 Dic,
206 2475 316 2552 quibus
331 2477 361 2536 in
375 2478 472 2551 ternis,
488 2483 519 2537 et
532 2478 593 2537 eris
608 2477 681 2536 milri
695 2493 823 2552 magnus
837 2479 960 2555 Apollo,
1148 2546 1154 2553 ,

120 2562 196 2621 Tres
211 2566 315 2636 patant
328 2561 406 2620 coeli
421 2561 553 2637 spatium
568 2577 630 2621 non
644 2561 775 2636 amplius
789 2562 889 2624 ulnas.
1025 2574 1077 2626 105

466 2643 733 2706 MENALGAS.

121 2729 186 2803 Dic,
203 2729 314 2805 quibus
329 2729 360 2788 in
375 2729 464 2788 terris
479 2729 617 2805 inscripti
631 2729 755 2790 nomina
768 2746 874 2806 regum

122 2812 293 2874 Nascantur
306 2812 410 2886 flores,
427 2819 457 2872 et
469 2804 612 2888 Phyllida
626 2814 714 2875 solus
728 2814 851 2876 habeto.

462 2895 731 2958 PALAEMON.
843 2938 848 2945 -

122 2980 189 3039 Non
203 2988 339 3042 nostrum
354 2981 504 3040 intervos
518 2986 619 3041 tantas
633 2996 820 3058 componere
834 2982 913 3042 lites.

119 3064 159 3125 Et
174 3065 266 3124 vitula
277 3073 309 3125 tu
325 3065 446 3141 dignus,
463 3064 566 3139 ethic,
581 3070 612 3124 et
625 3066 766 3141 quisquis
781 3076 902 3126 amores

118 3152 183 3211 Aut
196 3155 308 3210 metuet
321 3150 437 3225 dulces,
453 3156 506 3209 aut
518 3149 693 3225 experietur
706 3164 837 3212 amaros.
1025 3158 1078 3211 110

119 3234 257 3319 claudite
270 3234 331 3294 iam
345 3234 438 3308 rivos,
454 3234 558 3310 pueri=
580 3240 628 3294 sat
641 3240 730 3310 prata
742 3234 892 3295 biberunt.

499 3377 687 3386 ψ..-
