2326 3780
70 177 135 241 340
336 172 369 231 P.
389 172 554 232 VlRGlLll
572 170 767 235 MAROle

44 386 48 395 .
71 330 155 408 „Soli
171 343 228 404 pro
243 325 339 402 portis
353 325 516 402 Messapus
531 328 562 383 et
574 338 651 386 acer
662 324 783 385 Atinas

71 416 268 491 „sustentant
280 411 392 478 aciem;
415 410 529 469 circum
541 406 601 467 hos
615 408 782 485 utrimque
797 410 968 486 phalanges

73 498 181 573 „Stant
196 496 320 567 densae,
336 493 509 569 strictisque
523 506 616 565 seges
632 494 849 555 mucronibus
866 496 965 555 horret

73 582 217 655 „Ferrea
239 586 271 639 tu
285 593 405 637 currum
419 578 540 637 deserto
555 576 586 633 in
600 577 748 650 gramine
763 587 933 639 versast“

76 664 237 740 Obstupuit
250 662 335 721 varia
349 662 495 721 contusus
510 660 644 733 imagine
657 677 768 721 rerum
990 670 1026 723 tlt

74 753 201 822 Tamus,
217 754 246 806 et
261 745 367 805 obtutu
380 745 470 805 tacito
485 744 575 803 stetit.
603 745 741 805 Aestuat
756 746 877 822 ingens

75 834 143 894 Uno
158 833 189 890 in
205 831 298 890 corde
311 828 411 904 pudor
425 828 580 903 mixtoque
594 827 720 887 insania
735 831 826 891 luctu

75 918 114 977 lit
127 916 213 976 iuriis
227 914 357 989 agitatus
372 929 457 973 amor
471 919 501 972 et
514 910 640 971 conscia
655 913 769 973 virtus.

76 1001 116 1061 Ut
130 1000 258 1075 primum
274 998 434 1057 discussae
448 995 571 1055 umbrae
585 1002 615 1054 et
628 996 683 1054 lux
697 999 829 1059 reddita
845 1000 959 1068 menti;

77 1084 230 1144 Ardentes
244 1082 401 1141 oculorum
414 1080 505 1141 orbes
519 1079 560 1137 ad
573 1080 696 1139 moenia
708 1084 805 1142 torsit
994 1089 1032 1144 tlt

77 1166 237 1239 Turbidus,
254 1180 332 1239 eque
346 1164 422 1224 rotis
436 1179 577 1238 magnam
589 1164 732 1237 respexit
745 1168 789 1225 ad
804 1166 932 1226 urlsern.

78 1252 159 1309 Ecce
172 1255 273 1309 autem
286 1246 417 1308 flammis
431 1247 509 1308 inter
521 1246 655 1307 tabulata
668 1249 799 1310 volutus

77 1334 128 1393 Ad
143 1334 261 1392 coelum
274 1331 410 1392 undabat
422 1340 537 1406 vertex,
554 1330 723 1405 turrimque
737 1333 883 1408 tenebat,

78 1417 204 1491 Turrim,
220 1416 387 1491 compactis
402 1415 537 1477 trabibus
553 1430 644 1488 quam
658 1415 815 1477 eduxerat
832 1418 917 1493 ipse,

79 1500 325 1575 subdideratque
338 1508 431 1575 rotas,
446 1506 617 1575 pontesque
630 1498 821 1562 instraverat
837 1503 934 1561 altos.
995 1509 1035 1562 tit

80 1586 162 1661 „lam
175 1584 235 1643 iam
249 1584 319 1659 lata,
334 1599 431 1657 soror,
447 1589 607 1658 superant:
631 1582 749 1643 absiste
764 1588 904 1644 morari:

80 1669 166 1745 „Quo
181 1668 258 1729 deus
273 1675 304 1729 et
317 1683 379 1744 quo
394 1669 470 1728 dura
484 1664 574 1726 v'ocat
588 1667 718 1742 fortuna,
733 1684 926 1743 sequamur.

79 1753 167 1829 „Stat
180 1753 319 1814 conferre
331 1766 453 1812 menum
459 1752 592 1823 Aeneae,
608 1758 676 1825 stat,
693 1752 856 1827 quidquid
873 1753 979 1813 acerbi
993 1760 1037 1813 est

81 1836 199 1911 „Morte
212 1835 285 1911 pati,
300 1850 400 1911 neque
414 1850 463 1895 me
476 1835 660 1907 indecorem,
676 1850 838 1909 germana,
854 1838 982 1897 videbis

82 1919 250 1997 „Amplius
272 1918 370 1995 Hunc,
384 1935 449 1993 oro,
464 1919 531 1979 sine
545 1934 594 1979 me
607 1919 708 1979 furere
721 1926 796 1979 ante
812 1922 986 1981 lurorem.‘·
999 1928 1041 1983 tet

80 2004 171 2076 Dixit,
186 2010 216 2064 et
230 2018 248 2063 e
261 2018 352 2065 curru
364 2004 475 2063 saltum
488 2002 574 2063 dedit
588 2004 674 2063 ocius
689 2004 786 2077 arvis,

80 2087 198 2161 Perque
212 2086 328 2162 hostes,
342 2101 399 2163 per
412 2089 473 2148 tela
486 2087 554 2161 ruit,
568 2093 780 2162 maestamque
796 2105 950 2151 sororem

81 2171 200 2233 Deserit
215 2186 251 2232 ac
260 2172 373 2247 rapido
387 2186 480 2232 cursu
493 2171 595 2231 media
608 2172 730 2245 agmina
743 2174 874 2248 rumpit.

81 2258 128 2315 Ac
141 2254 235 2317 veluti
248 2256 359 2315 montis
373 2271 483 2316 saxum
497 2255 537 2315 de
550 2255 663 2315 vertice
677 2270 834 2332 praeceps

82 2340 178 2412 Quum
191 2339 258 2413 ruit,
273 2339 413 2399 avulsum
427 2346 528 2414 vento,
543 2354 598 2399 seu
611 2339 751 2400 turbidus
767 2340 871 2401 imber
1002 2352 1045 2404 ort

81 2421 203 2497 Proluit,
217 2432 269 2483 aut
282 2424 371 2483 annis
385 2423 477 2483 solvit
490 2422 639 2498 sublapsa
652 2430 808 2493 vetustas;

80 2506 188 2567 Fertur
200 2507 232 2565 in
245 2507 405 2582 abruptum
419 2522 528 2582 magno
542 2523 631 2567 mons
645 2508 805 2582 improbus
823 2516 907 2583 actu,

80 2590 280 2665 Exsultatque
294 2593 371 2666 solo,
388 2592 492 2664 silvas,
508 2600 643 2651 arinenta
657 2591 807 2665 virosque

82 2674 246 2733 Involvens
260 2690 379 2735 secum:
402 2676 530 2736 disiecta
544 2691 599 2749 per
614 2676 735 2749 agmina
748 2675 872 2737 Taunus

83 2757 134 2818 Sic
147 2757 231 2817 urbis
245 2758 304 2819 ruit
317 2759 356 2818 ad
371 2775 483 2832 muros,
498 2758 550 2819 ubi
564 2759 694 2835 plurima
707 2759 777 2818 luso
997 2770 1047 2823 690

83 2841 236 2917 Sanguine
248 2848 330 2901 terra
343 2844 446 2903 madet
460 2842 650 2917 striduntque
664 2841 827 2903 hastilibus
843 2860 953 2919 aurae,

83 2925 302 3001 significatque
315 2942 408 2988 manu
422 2934 452 2988 et
465 2942 576 3001 magno
590 2926 680 2987 simul
693 2925 800 3001 incipit
815 2942 887 2987 oret

81 3007 217 3083 „Parcite
231 3009 299 3084 iam,
313 3010 423 3085 Rutuli,
439 3019 468 3071 et
481 3026 540 3071 vos
556 3012 616 3071 tela
630 3008 773 3079 inhibete,
788 3010 906 3072 Latini=

81 3089 316 3168 „Quaecumque
330 3102 377 3155 est
390 3095 519 3168 lonuna,
534 3110 604 3155 mea
617 3102 680 3165 est;
702 3110 752 3153 me
763 3094 871 3156 verius
886 3113 984 3174 unuin

81 3171 159 3247 „Pro
173 3175 262 3237 vobis
278 3177 388 3239 loedus
402 3180 487 3239 luere
500 3184 530 3239 et
544 3178 710 3239 decernere
724 3178 838 3237 lerro.“
885 3216 891 3239 .
993 3186 1043 3243 695

81 3254 261 3321 Discessere
276 3276 382 3322 omnes
396 3262 498 3335 medii,
513 3264 706 3337 spatiirmque
720 3262 848 3323 dedere.

122 3338 163 3397 At
177 3350 263 3415 pater
276 3345 398 3407 Aeneas
413 3346 517 3407 audito
532 3346 653 3407 nomine
666 3346 759 3405 ‘lurni

46 3414 201 3536 iecerit
213 3434 244 3487 et
255 3442 359 3491 muros
373 3437 404 3491 et
416 3447 552 3491 summas
565 3428 680 3491 deserit
692 3444 792 3503 arces,
