2326 3780
157 160 222 225 270
436 159 468 218 P.
489 158 654 219 VIRGlLlI
675 159 879 225 MARortts

157 312 332 374 Succedunt
344 311 524 385 animasque
538 310 569 370 in
583 316 695 386 aperta
707 313 869 387 pericula
883 316 1000 377 mittmt

155 398 182 456 It
196 398 311 455 clamor
324 395 396 455 totis
410 410 467 471 per
479 396 716 470 propugnacula
731 400 860 472 muris;

156 480 319 540 lnbendunt
331 494 419 539 acres
434 494 534 552 arcus,
551 484 742 555 amentaque
758 488 931 559 torquent.
1044 489 1054 541 l

157 563 307 625 Sternitur
320 578 411 623 omne
425 564 525 623 solum
538 562 624 633 telis;
645 568 713 622 turn
728 572 832 627 scuta
847 582 1005 644 cavaeque

156 648 237 709 Dant
250 648 383 709 sonitum
396 646 481 707 flictu
494 647 617 721 galeam
639 663 750 724 pugna
767 666 898 727 aspera
913 652 1008 727 surgit,

157 732 293 806 Quantus
307 732 347 793 ab
362 746 476 792 occasu
489 730 616 790 veniens
631 731 837 805 pluvialibus
852 736 975 797 Haedis

156 816 306 876 Verberat
319 815 416 874 imber
428 815 560 888 humum,
578 829 670 889 qnam
684 818 789 877 mrrlta
805 821 969 895 grandine
981 818 1045 879 ntuli

156 900 192 961 ln
205 900 288 959 vada
300 899 508 976 praecipitant,
525 914 618 973 quum
631 899 750 975 Iupiter
763 900 930 965 horridus
945 904 1042 964 Austris
1053 905 1064 959 i

157 984 290 1059 Torquet
303 998 452 1059 aquosam
466 983 597 1059 hiemem
611 989 642 1043 ct
655 984 748 1043 coelo
763 999 857 1047 cava
871 988 982 1049 nubila
993 987 1063 1061 remp:

198 1066 355 1127 Pandarus
370 1073 401 1126 et
413 1067 518 1140 Bitias,
533 1066 627 1126 ldaeo
640 1067 806 1131 Alcanore
824 1074 919 1145 creti,

158 1152 241 1226 Quos
255 1150 337 1209 lovis
352 1151 458 1211 eduxit
472 1151 541 1212 luco
557 1150 707 1211 silvestris
722 1150 833 1230 Iaera,
1073 1205 1079 1230 ,

156 1232 316 1296 Abietibus
330 1234 458 1294 iuvenes
472 1235 579 1311 patriis
594 1242 625 1295 et
637 1234 800 1297 montibus
817 1254 962 1315 aequos,
1074 1243 1079 1314 ξ

156 1318 286 1391 Portam,
304 1333 383 1394 quae
397 1318 484 1379 ducis
498 1319 626 1395 imperio
640 1318 827 1397 commissa,
844 1325 1019 1398 recludunt,
1059 1324 1081 1390 ii

155 1401 237 1462 Freti
252 1402 353 1477 armis,
369 1402 508 1478 ultroque
521 1403 650 1463 invitant
662 1404 835 1467 moenibus
852 1408 993 1469 hostem.
1078 1417 1084 1482 ἱ,

156 1485 221 1562 Ipsi
234 1485 314 1547 intus
329 1486 438 1547 dextra
451 1503 488 1547 ac
501 1488 592 1547 laeva
604 1503 662 1562 pre
677 1487 819 1549 turribus
836 1492 981 1569 adstant,

156 1571 272 1630 Armati
287 1570 367 1630 ferro
383 1578 414 1631 et
426 1570 526 1631 cristis
541 1571 641 1645 capita
655 1571 716 1631 alta
729 1576 877 1652 corusci,

157 1653 268 1729 Quales
283 1655 385 1715 aeriae
398 1655 545 1732 liquentia
558 1653 684 1715 llurnina
698 1655 829 1733 circum,

157 1737 230 1799 Sive
244 1737 319 1799 Padi
332 1739 417 1815 ripis,
433 1739 572 1800 Athesim
587 1754 644 1800 scu
657 1745 788 1815 propter
801 1756 993 1823 amoenum,
1065 1749 1082 1803 a

158 1822 351 1898 Consurgunt
364 1824 503 1899 geminae
517 1837 659 1899 quercus,
675 1824 874 1900 intonsaque
892 1832 988 1892 coelo

155 1908 305 1968 Attollunt
318 1907 419 1982 capita
432 1914 463 1967 ct
474 1907 596 1968 sublimi
610 1908 724 1967 vertice
737 1912 866 1970 nutant.

155 1991 337 2066 lrrumpunt,
353 1991 453 2050 aditus
467 1991 569 2052 Rutuli
581 1997 615 2051 ut
628 1991 734 2051 videre
747 1999 916 2067 patentes.
1092 2045 1096 2072 ,

157 2074 306 2136 continuo
321 2074 475 2148 Quercens
489 2082 519 2137 et
533 2075 661 2152 pulcher
673 2075 852 2151 Aqulcolus
870 2082 976 2143 armis
1093 2119 1100 2140 .

154 2157 194 2219 Et
206 2174 357 2236 praeceps
372 2159 464 2219 animi
477 2159 605 2220 Tmarus
621 2165 651 2219 et
662 2159 839 2222 Mavortius
854 2162 1009 2227 Haemon
1067 2167 1089 2223 ii

154 2243 337 2319 Agminibus
352 2244 423 2304 tetis
437 2249 489 2303 aut
501 2242 584 2304 versi
598 2250 684 2318 terga
697 2242 828 2318 dedere,

154 2329 218 2388 Aut
230 2328 300 2403 ipse
315 2334 423 2403 portae
437 2343 570 2403 posuere
584 2328 615 2387 in
629 2327 732 2387 limine
744 2327 857 2389 vitam.

154 2410 229 2475 Tum
243 2413 340 2486 magis
355 2411 529 2473 increscunt
543 2412 651 2472 animis
667 2410 872 2475 discordibus
887 2415 973 2495 irae,

153 2494 192 2555 Et
204 2494 265 2554 iam
280 2494 398 2556 collecti
412 2496 507 2557 Troes
521 2496 726 2571 glomerantur
738 2495 868 2575 eodem,

153 2578 192 2638 Et
206 2578 345 2639 conferre
359 2585 526 2639 manumet
538 2594 718 2657 procurrere
732 2580 862 2655 longius
878 2586 1016 2649 audent.
1071 2586 1096 2645 ttt

153 2662 278 2722 Ductori
293 2663 403 2735 Turno,
420 2663 544 2723 diversa
557 2664 589 2724 in
602 2670 689 2741 parte
699 2663 811 2723 furenti

153 2746 358 2821 Turbaniique
374 2746 467 2822 viros,
482 2748 633 2823 perfertur
645 2747 729 2808 nunti
752 2763 778 2819 s,
794 2747 932 2813 hostem

153 2830 286 2891 Fervere
300 2831 396 2891 caede
411 2846 494 2892 nova
507 2838 538 2893 et
550 2840 656 2909 portas
671 2847 727 2907 pra
766 2846 821 2892 ere
837 2842 1011 2908 patentes.

153 2915 274 2977 Deserit
288 2914 441 2992 inceptum
455 2923 547 2992 atque
561 2917 683 2977 immani
698 2915 839 2977 concitus
856 2918 911 2983 ira

154 3000 339 3061 Dardaniam
352 3000 412 3061 ruit
425 3001 465 3060 ad
479 3008 599 3077 portam
613 3002 784 3076 fratresque
799 3004 987 3077 superbos.
1076 3011 1101 3071 D

152 3084 191 3145 Et
204 3085 335 3160 primum
348 3085 541 3161 Antiphaten,
558 3086 584 3145 is
600 3085 730 3145 enimse
744 3084 866 3159 primus
884 3093 1020 3171 agebat,

151 3167 297 3229 Thebana
310 3168 459 3231 demetra
472 3170 598 3230 nothum
612 3168 801 3245 Sarpedonis
817 3171 885 3247 alti,

154 3250 298 3314 coniecto
313 3254 419 3315 sternit
432 3254 548 3315 iaculo:
569 3255 653 3314 volat
666 3254 741 3314 ltala
755 3268 874 3317 cornus

152 3334 236 3397 Aera
248 3343 464 3413 pericherum,
479 3338 700 3414 stomachoque
714 3336 809 3397 inllxa
824 3340 891 3401 sub
908 3346 1013 3411 altum

39 3444 119 3520 “
150 3412 263 3483 Pectus
277 3421 355 3495 abit3
375 3422 477 3484 reddit
491 3438 604 3501 specus
620 3423 677 3483 atri
691 3421 827 3483 vulneris
844 3428 977 3495 undam
1076 3436 1101 3494 tt
