2326 3780
146 224 211 289 noo
418 222 452 283 n,
472 188 635 282 vmonn
655 220 834 283 nunonis

147 375 281 437 Tandem
295 375 440 452 corripuit
454 389 533 447 sese,
550 380 642 450 atque
655 373 778 432 iumuca
790 372 911 451 relngit

147 462 182 520 ln
196 474 303 520 nemus
318 460 522 533 umbriferum,
538 458 650 518 coniux
663 456 716 517 ubi
731 457 882 532 pristinus
900 463 953 523 illi

147 546 327 620 Respondet
341 544 421 604 curis
435 549 607 617 aequatque
622 540 783 617 Sychaeus
799 557 960 607 amorem.

148 630 210 688 Nec
225 629 324 690 minus
338 631 471 701 Aeneas,
493 642 569 686 casu
582 641 751 701 percussus
765 624 885 700 iniquo,
1073 643 1116 698 lla

147 713 344 789 Prosequitur
357 713 518 772 lacrimans
532 711 624 784 louge
638 716 670 768 et
683 710 845 769 miseratur
859 723 1010 777 euntem.

188 797 264 857 Inde
279 798 381 858 datum
394 796 516 854 molitur
529 795 596 854 iter.
623 795 752 868 Iamque
766 809 841 853 arva
855 800 1019 863 tenebant

147 882 267 955 Ultima,
283 897 361 956 quae
374 881 456 939 bello
472 880 545 937 olari
560 885 680 937 secreta
693 878 902 952 frequentant.

148 966 203 1024 llic
219 966 260 1024 illi
275 965 405 1025 occurrit
418 963 553 1039 Tydeus,
568 963 617 1021 hio
632 963 764 1037 inclytus
779 962 874 1025 armis

147 1050 397 1123 Parthenopaeus
412 1054 442 1107 et
455 1046 581 1105 Adrasti
595 1046 737 1121 pallentis
752 1045 872 1120 imag03
1070 1064 1115 1117 lot

147 1134 203 1192 Hic
219 1133 344 1192 mrdtum
359 1131 422 1190 fleti
437 1131 477 1189 ad
491 1145 623 1205 superos
636 1130 781 1205 belloque
795 1130 909 1192 caduci

149 1215 351 1289 Dardanidae,
366 1231 445 1290 quos
460 1214 511 1272 ille
525 1230 633 1273 omnes
647 1216 740 1289 longo
755 1214 863 1274 ordine
879 1232 1025 1283 cernens

147 1299 303 1374 Ingemuit,
325 1298 532 1372 Glaucumque
546 1299 752 1374 Medontaque
764 1298 1085 1385 Thersilochumque,

146 1386 221 1445 Tres
235 1383 451 1456 Antenoridas,
468 1383 631 1457 Cererique
645 1398 767 1443 saonam
780 1380 1021 1469 Polyphoeten,

146 1467 342 1542 Idaeumque,
363 1468 453 1527 etiam
467 1483 582 1540 currus,
600 1468 690 1526 etiarn
704 1482 789 1525 arma
801 1474 977 1533 tenentem.
1067 1484 1114 1539 llll

148 1551 349 1613 Circumstant
362 1552 480 1611 animae
494 1552 604 1611 dextra
618 1553 769 1624 laevaque
783 1551 983 1625 trequentes.

146 1636 209 1695 Nec
222 1635 340 1695 vidisse
356 1636 451 1696 semel
466 1635 541 1695 satis
555 1641 618 1695 est:
639 1635 837 1711 iuratusque
850 1642 985 1717 moran’,

145 1718 184 1779 Et
197 1720 336 1779 conscire
350 1720 487 1795 gradum,
502 1727 534 1780 et
547 1718 690 1778 veniendi
706 1718 826 1779 discere
840 1734 974 1785 causas.

146 1806 187 1863 At
199 1803 339 1863 Danaum
353 1819 498 1879 proceres
512 1803 833 1878 Agamemnoniaeque
848 1802 1037 1886 phalanges
1140 1802 1144 1843 ²

144 1888 186 1947 Ut
199 1888 305 1947 videre
319 1887 417 1947 virum
432 1886 638 1962 fulgentiaque
653 1902 737 1945 arma
751 1886 969 1965 peronibus,
1068 1904 1113 1960 lto

145 1970 263 2046 Ingenti
277 1971 432 2047 trepidare
446 1978 543 2031 metm
565 1987 637 2045 pars
652 1977 772 2029 vertere
786 1978 881 2045 terga,

147 2054 207 2114 ceu
224 2054 380 2130 quondam
392 2055 510 2131 petiere
523 2062 622 2125 rates;
644 2071 716 2130 pars
732 2054 839 2113 tollere
853 2071 974 2121 vocem

43 2190 46 2197 .
144 2138 308 2214 Exlguam=
331 2138 472 2214 inceptus
488 2138 602 2198 clamor
616 2139 777 2198 frustratur
791 2138 926 2201 hiantes.

145 2224 247 2297 Atque
260 2222 310 2281 hic
320 2221 492 2283 Priamiden
506 2223 651 2282 laniatum
665 2237 795 2297 corpore
810 2229 874 2282 toto

145 2305 337 2380 Deiphobum
349 2307 435 2383 vidit,
450 2308 583 2367 lacerum
597 2308 759 2367 crudeliter
773 2323 836 2379 orn,
1069 2326 1114 2383 495

147 2389 207 2449 Ora
220 2404 390 2464 manusque
405 2391 521 2464 ambas,
537 2393 745 2466 populataque
759 2396 900 2465 tempora
915 2400 1027 2473 raptis
1144 2412 1149 2458 t

145 2470 287 2542 Auribus,
304 2481 334 2533 et
347 2481 470 2535 truncas
485 2475 646 2534 inhonesto
661 2477 789 2535 vulnere
802 2490 905 2535 nares.

144 2556 207 2615 Vix
220 2555 299 2615 adeo
315 2560 441 2631 agnovit
453 2559 638 2633 pavitantem
653 2565 683 2618 et
697 2559 763 2619 dira
777 2565 934 2632 tegentem

147 2638 311 2714 Supplicia,
327 2648 357 2699 et
372 2643 452 2702 notis
468 2644 630 2717 compellat
644 2643 774 2703 vocibus
788 2642 883 2702 ultro:

145 2721 324 2798 „Deiphobe
335 2725 530 2800 armipotens,
546 2743 643 2801 genus
657 2728 717 2786 alto
730 2727 910 2802 asanguine
918 2731 1052 2812 Teucri,
1068 2748 1117 2801 out
1147 2728 1152 2770 ²

145 2806 238 2882 „Quis
252 2812 313 2867 tam
330 2809 469 2869 crudeles
485 2811 603 2884 optavit
618 2827 738 2870 sumere
753 2819 894 2887 poenast

145 2891 219 2965 „Cui
232 2897 348 2951 tanturn
362 2892 402 2951 de
416 2901 445 2953 te
459 2894 563 2953 licuit?
586 2895 659 2953 Mihi
674 2895 755 2954 lama
768 2910 915 2970 suprema

144 2976 260 3049 „Neam
273 2977 339 3035 tulit
353 2978 470 3038 lassum
483 2985 573 3038 vasta
585 2986 615 3038 te
630 2981 725 3039 caede
739 2978 900 3053 Pelasgum

145 3058 367 3145 „Procubuisse
383 3079 477 3138 super
492 3064 640 3123 confusae
654 3065 765 3138 stragis
779 3078 939 3124 acervum.

145 3145 247 3217 „lunc
262 3152 382 3220 egomet
395 3148 540 3207 tumulum
554 3148 691 3209 Rhoeteo
706 3148 737 3207 in
752 3148 840 3207 litore
852 3147 985 3213 inanem
1066 3166 1115 3221 soa
1153 3157 1157 3177 '

145 3226 322 3302 „Constitui
338 3237 367 3290 et
380 3246 491 3305 magna
504 3232 610 3291 Manes
625 3238 671 3291 ter
685 3246 763 3291 voce
777 3232 899 3291 vocavi.

145 3308 281 3381 „Nomen
295 3320 324 3372 et
339 3330 423 3374 arma
437 3316 537 3375 locum
551 3323 692 3386 servant3
712 3322 752 3389 te,
766 3315 872 3390 amice,
888 3322 1029 3395 nequivi

142 3392 351 3473 „conspicere
365 3404 395 3457 et
410 3398 508 3475 patria
520 3400 676 3459 decedens
692 3414 805 3475 ponere
819 3405 933 3460 terra.“

65 3466 123 3560 Ι
136 3478 189 3541 nd
205 3498 287 3565 quae
302 3482 493 3547 Priamides·⁸
516 3482 619 3559 ,alind
632 3498 652 3541 o
663 3482 724 3541 ludu
734 3481 1011 3543 arrheerehatum
