2326 3780
66 230 75 244 ·
148 204 187 258 Vl
463 198 775 261 INTRODUCTIO.

147 359 196 409 aut
206 353 237 407 T.
250 352 351 424 Valgio
362 349 434 405 Ruso
449 357 496 405 aut
510 350 583 406 adeo
596 350 679 405 Floro
691 351 852 406 tribuerunt.
869 367 897 405 v.
909 350 995 421 llgcn.
1007 347 1106 404 Anim-

147 438 209 493 cdv.
215 436 286 509 pbit.
298 443 323 491 et
334 438 395 491 crit.
406 437 436 490 in
452 450 538 490 carm.
558 434 633 506 Virp.
650 434 724 505 quod
734 434 809 506 Capu
825 434 984 488 ascentor
1003 428 1105 505 [Halae

149 519 240 581 1820.
261 516 318 594 4.]‚
335 518 488 575 Weicbert.
511 520 528 573 l.
551 535 575 574 c.
597 536 625 590 p.
641 516 711 578 239.
734 524 762 572 et
784 516 849 571 Zell.
865 516 1106 588 Fortenscbriften

147 605 168 659 l.
183 602 270 676 pcc.
285 604 432 671 Moratum,
448 602 524 673 quod
534 618 647 657 carmen
658 601 837 656 Woltmanno
853 601 881 654 in
891 599 1044 656 Memoiren
1055 602 1106 656 dcs

147 688 305 745 Freiberm
321 704 373 743 von
384 686 467 741 S-a
481 686 544 741 Vol.
558 687 578 739 l.
594 702 621 757 p.
638 683 687 744 13.
712 685 785 740 adeo
800 685 987 757 praestantius
1004 686 1105 739 carmi·

148 773 229 827 nibus
236 770 556 843 virgilianisvisumest,
566 768 744 823 nihilominus
758 770 793 824 ab
808 769 842 823 A.
851 766 985 839 Septimio
994 766 1105 824 Sereno

148 857 281 927 scriptum
295 872 358 910 esse
370 860 546 921 censuerunt,
562 868 730 924 quamquam
742 852 810 909 nibil
825 853 906 922 inest,
919 852 995 922 qnod
1011 868 1027 906 a
1044 869 1105 907 ser·

148 956 232 995 mons
244 939 401 1011 virgiliano
424 937 560 993 discedat
587 955 617 1003 y.
631 938 718 1008 llgen.
735 938 752 992 t.
771 953 796 993 c.
811 953 839 1008 p.
855 935 901 1006 6.,
925 935 1104 991 Wernsdori.

149 1023 233 1079 Poctt.
244 1022 305 1078 Lat
316 1024 414 1077 mmor.
429 1022 461 1077 11.
473 1039 501 1093 p.
517 1018 597 1091 253,
611 1022 736 1092 Klopieri
751 1021 817 1076 edit
829 1020 931 1077 Mureti
940 1021 1013 1091 quod
1023 1022 1104 1092 vulgo

154 1106 266 1179 Virpibb
276 1106 457 1175 adscribitur,
472 1121 544 1175 quae
560 1105 734 1161 Zwiccaviae
750 1120 775 1159 a.
789 1103 880 1164 1806.
897 1104 926 1158 in
943 1099 972 1163 4.
987 1101 1102 1175 prodiit,

149 1190 225 1245 lahn.
248 1190 277 1245 in
296 1190 399 1246 Archiv
419 1190 442 1262 f.
461 1188 532 1243 Pbit.
550 1207 577 1244 a.
596 1189 718 1260 Pcedcg.
736 1186 826 1248 1836.
848 1188 912 1242 Vol.
927 1187 973 1242 lV.
989 1204 1016 1258 p.
1032 1187 1104 1249 627.

74 1320 77 1325 .
147 1290 209 1345 sqq.
233 1273 322 1342 Cirin,
338 1289 410 1344 quae
425 1289 494 1328 sanc
508 1272 577 1327 nihil
590 1272 776 1344 virgilianum
789 1271 890 1341 habet,
912 1277 959 1326 aut
973 1270 1104 1327 Cornelio

146 1358 235 1426 Gallo,
250 1362 297 1412 aut
310 1356 424 1411 Valerio
440 1355 536 1411 Catoni
557 1361 604 1411 aut
618 1354 724 1411 Catullo
736 1354 954 1427 adscripserunt.
983 1373 1011 1411 v.
1023 1354 1105 1428 Sillig

141 1457 266 1515 procem
282 1444 311 1496 in
322 1440 398 1497 Girba
411 1457 439 1512 p.
454 1437 524 1499 135.
540 1456 601 1511 sqq.
617 1446 644 1495 et
653 1440 738 1495 Voss.
752 1440 792 1494 cd
800 1438 861 1494 Ecl.
873 1459 900 1512 p.
911 1438 983 1500 321.
993 1446 1020 1494 et
1030 1437 1104 1501 332.

146 1526 191 1581 Ab
203 1525 305 1580 codem
316 1522 429 1579 Valerio
445 1523 549 1580 Catone
562 1523 643 1581 Diras
655 1524 771 1597 scriptas
784 1540 849 1579 esse
864 1524 989 1591 credunt,
1005 1539 1104 1593 quam-

147 1626 231 1681 quam
253 1608 402 1663 Lorschius
431 1609 460 1663 in
487 1608 702 1665 Zimmernmnnt
720 1608 853 1665 Zcitrcbr.
870 1608 923 1680 fair
945 1609 990 1664 elic
1011 1608 1104 1662 Alter-

147 1692 268 1750 tbumsm.
281 1691 374 1753 1837.
389 1692 433 1748 ch.
450 1692 519 1754 129.
542 1710 591 1748 cas
605 1692 723 1765 Virgilio
742 1692 889 1748 vindicare
904 1691 1015 1747 studuit.
1059 1690 1101 1746 Cf.

145 1776 248 1834 Baehr.
263 1779 280 1833 t.
292 1794 317 1833 c.
331 1794 360 1849 p.
376 1775 446 1839 237.
464 1794 525 1849 sqq.
554 1777 586 1831 In
599 1777 734 1849 Priapeiis
750 1782 777 1832 et
791 1775 936 1832 Catalectis
950 1780 1014 1829 sunt
1024 1774 1104 1831 haud

146 1860 231 1917 dubie
246 1862 380 1915 nonnulla
394 1862 532 1929 carmina,
548 1876 621 1930 quac
634 1861 768 1932 Virgilius
783 1860 894 1931 scripsit
908 1855 947 1931 [v.
961 1856 1102 1930 Wagner.

146 1944 186 1999 ad
201 1944 269 1999 Aen.
285 1942 331 1999 lX.
345 1940 447 2017 336.];
471 1943 523 1999 scd
540 1942 651 1999 difficile
668 1944 743 2000 dictu
756 1950 814 2013 est,
831 1958 904 2014 quac
919 1944 953 1997 ab
971 1942 1031 1997 aliis
1047 1944 1104 1998 sint

146 2028 317 2099 interposita.
340 2024 380 2082 cl.
394 2026 440 2081 Fr.
456 2026 478 2081 F
480 2027 577 2082 iedleri
588 2018 783 2100 programma:
797 2027 846 2082 lix
856 2026 890 2081 P.
908 2026 1015 2097 Virgilii
1022 2026 1102 2083 Mor.

147 2111 290 2167 Octctectis
311 2112 510 2183 epigrammata
527 2111 586 2173 llll.
604 2120 631 2169 et
648 2112 737 2186 Ospa,
764 2111 896 2165 Vcsaliae
912 2108 1002 2171 1830.
1024 2112 1053 2165 in
1070 2106 1101 2170 4.

147 2194 260 2251 editum.
288 2194 441 2265 Diligenter
463 2201 555 2252 autern
576 2202 659 2268 pocta
679 2202 737 2251 tum
757 2194 898 2250 Theocriti
925 2196 1102 2266 aliorumque

145 2284 293 2353 poetarum
312 2277 482 2335 Graecorum
502 2282 626 2336 carmina
649 2285 785 2335 tractasse
802 2278 929 2349 videtur,
951 2279 1027 2349 quod
1042 2286 1101 2333 stu-

146 2363 223 2419 dium
237 2378 303 2417 mox
315 2361 453 2419 Bucolicis
468 2363 525 2420 suis
541 2365 747 2437 comprobavit,
768 2362 798 2419 in
812 2362 912 2433 quibus
924 2379 998 2419 nunc
1011 2368 1101 2419 totum

146 2451 340 2518 argumentum
354 2463 427 2503 nuno
442 2448 566 2520 singulas
581 2448 732 2503 sententias
743 2450 772 2503 et
784 2447 874 2505 Verba
885 2446 1025 2502 Theocriti
1037 2463 1100 2502 car-

145 2530 265 2585 minibus
281 2533 425 2602 expressit.
453 2532 574 2588 Maximc
589 2538 682 2587 autem
696 2532 725 2586 in
737 2530 781 2587 his
797 2531 981 2599 carminibus,
997 2547 1070 2601 quae
1082 2548 1102 2587 a

146 2614 297 2669 acrioribus
314 2631 371 2671 non
385 2617 452 2671 satis
467 2623 542 2672 rccte
556 2617 734 2687 Eclogae,
747 2620 778 2669 ut
791 2616 820 2670 in
831 2614 943 2671 Graecis
958 2605 1100 2689 εἰδόλλια,

146 2697 298 2753 dictasunt
320 2695 360 2773 [v.
374 2699 527 2756 Weichert.
546 2702 563 2755 l.
581 2716 605 2755 c.
617 2716 645 2771 p.
661 2696 739 2775 21.]‚
768 2700 939 2770 reipublicae
952 2698 1100 2755 Romanae

145 2788 261 2851 statum,
278 2784 324 2854 qui
339 2789 397 2839 tum
411 2785 474 2853 tuit,
489 2784 613 2854 respexit
627 2789 710 2853 atquc
723 2784 889 2855 plerumque
904 2789 1102 2856 argumentum

145 2867 305 2922 exitiorum
325 2883 461 2923 annorum
482 2869 565 2923 rebus
580 2868 666 2939 gestis
686 2867 798 2933 sumsit;
820 2866 896 2921 unde
917 2866 1000 2923 etiam
1014 2868 1100 2923 inter·

144 2951 262 3023 prolatio
291 2967 327 3007 ex
354 2957 485 3007 accurata
505 2951 576 3006 illius
598 2951 731 3022 tomporis
753 2952 911 3023 cognitione
932 2952 1101 3023 saepissime

144 3034 258 3105 pendet.
289 3053 317 3093 v.
333 3032 439 3107 Spohn.
456 3036 472 3089 t.
488 3050 511 3089 c.
527 3051 555 3105 p.
572 3033 620 3094 21.
636 3051 678 3105 sq.
708 3033 825 3107 Scripsit
840 3036 914 3090 onim
934 3034 1006 3091 haec
1021 3036 1099 3093 aba.

144 3117 215 3180 712.
240 3118 316 3174 ada.
333 3116 405 3177 716.
422 3124 469 3173 aut
482 3116 553 3177 717.
569 3118 640 3173 inter
655 3120 785 3173 tumultus
806 3119 937 3189 bcllicos,
964 3120 1065 3191 quibus
1082 3134 1101 3176 a

144 3202 181 3257 M.
198 3201 339 3271 Antonio,
360 3200 389 3256 C.
408 3200 529 3257 Caesare
551 3200 703 3257 Octaviano
726 3208 754 3257 et
766 3202 803 3257 M.
818 3202 925 3273 chido
941 3205 1022 3259 motis
1036 3205 1099 3260 uni-

143 3300 229 3341 versa
248 3284 326 3339 ltalia
345 3287 507 3339 vastabatur
527 3290 554 3340 ct
577 3286 703 3357 inprimis
721 3285 809 3343 Gallia
829 3284 970 3357 Cisalpina
995 3288 1099 3345 misere

143 3369 307 3424 vexabatur.
335 3366 436 3424 Errant
448 3376 541 3425 autem
555 3370 745 3441 grammatici,
762 3370 809 3441 qui
820 3386 854 3426 ca
866 3371 937 3428 intra
949 3373 1100 3429 triennium

142 3451 271 3507 absoluta
285 3466 350 3507 caso
364 3451 501 3509 dixerunt.
541 3452 683 3510 Excitatus
705 3459 747 3509 cst
767 3455 805 3510 ad
820 3471 855 3510 ca
869 3455 1066 3529 componenda
1081 3473 1101 3515 a
