2340 4296
153 738 215 803 140
425 736 457 795 r.
477 711 833 797 51555551550515
882 814 892 827 ..

150 891 240 953 Unde
253 891 310 951 iter
322 889 439 951 ltaliam
452 903 623 961 cursusque
637 886 837 949 brevissimus
851 890 952 950 uadis.

151 974 205 1037 Sol
220 975 280 1036 ruit
292 973 408 1035 interea
421 980 453 1035 et
464 978 583 1033 montes
597 970 775 1033 umbrantur
788 976 887 1049 opaci.

151 1058 319 1121 sternimur
333 1065 457 1135 optatae
469 1055 586 1133 gremio
600 1056 715 1117 telluris
729 1056 770 1116 ad
784 1058 906 1133 undam,
991 1052 1027 1124 0

151 1142 254 1205 Sortiti
267 1158 380 1217 remos,
393 1142 574 1218 passimque
587 1140 618 1197 in
631 1140 720 1200 litore
733 1142 818 1201 sicco
1051 1151 1107 1205 510

151 1228 288 1303 corpora
301 1240 458 1296 curamus;
481 1225 584 1285 lessus
598 1238 696 1298 sopor
708 1224 812 1300 irrigat
825 1233 917 1285 anus.

149 1311 286 1372 Necdum
301 1309 406 1372 orbem
419 1308 552 1367 medium
566 1322 630 1368 nox
642 1307 727 1368 horis
741 1316 811 1369 acta
824 1309 957 1369 subibam

149 1395 240 1457 Haud
255 1393 359 1469 segnis
373 1400 469 1453 strato
483 1392 580 1467 surgit
592 1390 760 1466 Palinurus,
774 1399 806 1453 et
818 1408 925 1453 onmes

148 1480 297 1555 Explorat
310 1485 431 1551 ventos,
447 1482 538 1551 atque
552 1474 676 1536 auribus
691 1479 763 1537 adra
777 1485 894 1553 captat,

151 1560 586 1623 Sideracunctunotattocito
601 1558 846 1637 labentiacoelo,
1052 1570 1105 1623 515

150 1650 312 1707 Arcturum
325 1644 509 1720 pluviasque
520 1643 648 1721 Hyadas
662 1644 864 1721 geminosque
877 1644 1012 1720 Triones,

152 1730 370 1806 Armatumqu'e
384 1742 460 1789 auro
474 1728 680 1803 circumspicit
693 1726 815 1789 Oriona
917 1766 923 1779 ·

150 1814 315 1890 Postquam
329 1820 437 1873 cuncta
450 1812 535 1873 videt
549 1813 636 1872 coelo
652 1820 793 1873 constare
807 1828 928 1888 screno,

150 1899 209 1959 1151
223 1900 336 1960 clarum
351 1913 369 1958 e
382 1899 480 1974 puppi
494 1898 629 1973 signum
651 1910 710 1957 nos
725 1905 827 1957 castra
839 1913 1008 1972 movemus,

150 1982 374 2057 Tentamusque
389 1984 470 2041 viam
484 1988 514 2041 et
526 1982 666 2041 velorum
678 1981 843 2058 pandimus
857 1983 932 2041 alas.
1048 1990 1106 2044 520

150 2066 275 2144 lamque
289 2065 472 2128 rubescebat
486 2065 582 2125 stellis
597 2067 718 2125 Aurora
731 2064 852 2141 iugatis,

150 2150 249 2227 Quum
263 2152 371 2230 procul
386 2150 536 2211 obscuros
551 2150 647 2209 colles
661 2149 867 2225 humilemque
881 2149 1021 2209 videmus

150 2234 275 2297 Italiam.
312 2234 427 2295 ltaliam
441 2235 557 2310 prhnus
573 2233 742 2294 conclamat
754 2234 899 2309 Achates

38 2324 44 2333 '
150 2321 266 2381 ltaliam
280 2321 360 2380 laetu
375 2318 453 2379 socii
467 2318 601 2378 clamore
614 2318 755 2377 salutant.

149 2405 224 2467 'lum
239 2409 326 2479 pater
339 2402 491 2462 Anchises
505 2417 649 2475 magnum
664 2408 781 2461 cratera
795 2417 910 2462 corona
1054 2411 1106 2465 555

151 2488 251 2551 lnduit
264 2487 462 2563 implevitque
476 2500 570 2557 mero,
585 2484 738 2559 divosque
751 2487 875 2546 vocavit

151 2572 243 2633 Stans
258 2571 343 2631 celsa
356 2571 387 2629 in
403 2569 514 2645 puppi=
723 2628 734 2649 ·

151 2654 221 2733 „Di
235 2655 328 2715 maris
343 2662 374 2714 et
386 2660 485 2713 terrae
499 2658 774 2729 tempestatumque
788 2662 939 2729 potentes,

151 2738 259 2815 „Ferte
271 2738 354 2797 viam
367 2744 460 2797 vento
476 2737 604 2811 lacilem,
619 2746 649 2798 et
664 2739 777 2814 spirate
792 2730 950 2799 secundi.“

152 2821 354 2883 Crebrescunt
369 2828 491 2896 optume
505 2836 607 2896 aurae,
622 2828 791 2897 portusque
806 2824 934 2897 patescit
1053 2831 1108 2885 550

151 2907 214 2965 lam
227 2905 363 2981 propior,
378 2906 585 2979 templumque
600 2912 728 2981 apparet
741 2906 771 2965 in
786 2922 857 2966 arce
870 2908 1036 2967 Minervae.

151 2990 230 3049 Vela
243 2990 348 3063 legant
362 2988 448 3061 socii,
464 2995 494 3047 et
506 3003 615 3063 proras
628 2991 670 3049 ad
683 2990 772 3050 litora
785 2982 936 3065 lorquent

149 3072 258 3134 Portus
273 3070 312 3131 ab
325 3072 428 3132 Euroo
444 3070 538 3133 iluctu
552 3080 696 3133 curvatus
710 3075 740 3133 in
756 3090 873 3135 areum:

152 3155 295 3218 obiectae
309 3158 393 3217 salsa
407 3163 549 3231 spumant
562 3156 747 3233 adspargine
762 3166 876 3234 coaice,

150 3242 223 3319 lpse
237 3243 316 3317 latet,
331 3240 452 3315 gemino
468 3241 630 3303 demittunt
639 3240 765 3302 brachia
779 3258 865 3303 maro
1053 3253 1108 3307 535

150 3326 258 3388 Turriti
273 3325 402 3400 scopuli,
417 3325 590 3400 refugitque
604 3324 643 3385 ab
659 3326 745 3386 litore
759 3328 914 3403 templum.

153 3412 287 3487 Qualuor
299 3409 359 3483 hie,
373 3409 504 3484 primum
518 3424 618 3481 omen,
633 3426 733 3486 equos
748 3411 779 3469 in
793 3411 929 3485 gramine
943 3410 1006 3470 vidi
1040 3408 1046 3419 ‘

131 3496 324 3572 ‚tondentes
339 3508 480 3569 campum
493 3494 562 3566 late,
578 3496 712 3555 candore
727 3495 837 3553 nivali:

39 3574 44 3583 '
150 3580 188 3640 Et
203 3584 289 3654 pater
299 3576 470 3639 Anchises:
491 3576 638 3653 „Bellum
654 3594 672 3639 o
687 3586 768 3639 terra
781 3578 914 3653 hospita,
929 3586 1052 3653 portas:

152 3664 257 3740 „Bello
270 3669 424 3723 armantur
433 3661 514 3737 equi,
526 3660 639 3723 bellum
645 3662 722 3723 haec
730 3670 866 3723 armenta
872 3662 1033 3725 minuatur.
1053 3672 1109 3727 510

152 3746 237 3824 „Sed
251 3753 351 3807 tamen
366 3744 448 3807 idom
461 3744 534 3806 olim
547 3760 638 3807 curru
651 3746 820 3807 succedere
834 3746 913 3807 sueti

139 3830 404 3913 ,Quadmpedes
419 3836 450 3889 et
463 3829 551 3889 irena
563 3830 815 3906 iugo'concordia
830 3832 918 3903 terre,

149 3914 254 3993 ,spes
268 3922 299 3975 et
312 3914 428 3990 pacis,“
442 3914 493 3974 ait.
527 3912 603 3973 Tum
616 3914 739 3974 numina
753 3920 860 3973 sancta
873 3928 1034 3989 precamur

150 3999 283 4061 Palladis
299 3997 480 4073 armisonae,
497 4013 576 4073 quae
590 3998 687 4073 prima
701 3998 820 4073 accepit
834 4005 971 4073 5555155,
