2326 3780
171 192 236 259 303
441 189 473 247 r.
496 188 658 269 vinoun
678 190 873 253 maaoms

167 349 295 408 Postera
308 346 364 404 lux
377 340 525 403 ubilaeta
538 340 619 399 diem
632 342 820 404 mortalibus
836 344 960 407 almum

168 428 348 505 Praegelida
360 426 489 487 veniens
503 424 625 485 miseris
640 426 804 501 quatiebat
817 428 862 487 ab
880 429 971 507 Oeta,

168 515 264 589 Quem
278 512 412 590 pavidae
425 508 550 569 alternis
564 509 693 585 fugitant
706 519 889 587 optantque
903 520 1050 591 puellae·
1090 532 1120 583 tir

168 598 353 674 Hesperium
367 595 471 669 vitant,
487 599 593 669 optant
606 594 775 655 ardescere
788 597 898 659 Eoum
910 628 942 673 ·;

169 682 343 758 Praeceptis
358 686 447 757 paret
460 678 548 753 virgo
563 678 698 753 nutricis,
713 686 747 741 et
761 695 880 743 omnes

169 767 312 840 Undique
328 762 479 838 conquirit
492 761 627 821 nubendi
642 764 754 823 sedula
768 781 904 828 causas.

168 852 333 910 Tentantur
347 847 463 923 patriae
479 846 641 907 submissis
655 847 789 909 vocibus
805 866 919 926 aures,

169 934 407 1006 Laudanturqua
420 930 521 990 bonae
535 931 620 1005 pacis
636 930 730 1002 bona,
755 934 878 996 multus
895 937 1026 1014 ineptae
1092 953 1122 1005 tt:

169 1018 304 1093 Virginis
320 1015 443 1076 insolito
458 1030 559 1074 sermo
574 1032 673 1075 novus
688 1024 770 1076 errat
783 1018 816 1077 in
835 1034 907 1081 ore.

170 1102 255 1161 Nunc
269 1108 398 1160 tremere
413 1098 554 1159 instantis
567 1098 638 1158 belli
653 1100 823 1162 certamina
839 1103 922 1166 dicit

170 1186 429 1257 communemque
442 1182 550 1242 timere
564 1182 662 1254 deum,
678 1199 761 1245 nunc
774 1188 866 1261 regis
884 1190 1014 1263 amieis,

170 1269 256 1328 Nunc
270 1266 330 1342 ipsi
346 1266 442 1325 verita
457 1274 513 1339 est,
530 1266 637 1327 orbum
651 1266 704 1327 ilat
717 1276 843 1330 maesta
857 1285 1042 1349 parentem.

171 1351 257 1425 [Cum
267 1351 342 1412 love
353 1365 531 1411 communes
541 1351 592 1425 qui
600 1353 1079 1437 quondamhabuerenepoteszj=
1087 1373 1121 1425 liu

169 1437 255 1496 Nunc
270 1434 361 1495 etiarn
375 1434 508 1495 conficta
521 1436 593 1496 dolo
607 1436 768 1496 mendacia
781 1441 871 1514 turpi

169 1519 296 1591 Invenit,
312 1526 343 1579 et
355 1518 462 1579 divum
475 1527 567 1579 terret
581 1520 740 1579 formidine
756 1520 866 1595 eives3

169 1604 255 1665 Nunc
268 1604 329 1664 alia
344 1618 384 1663 ex
398 1604 475 1677 aliis,
492 1618 549 1662 nec
564 1604 682 1677 desunt,
699 1604 803 1664 omina
818 1612 965 1681 quaerit.

170 1688 352 1763 Quinetiam
367 1695 470 1748 castos
486 1703 563 1747 ausa
576 1695 623 1747 est
637 1702 837 1763 corrumpere
854 1702 965 1771 vateS,

169 1774 216 1847 Ut,
234 1788 301 1833 cum
317 1788 409 1831 caesa
424 1772 476 1847 pio
492 1771 655 1832 cecidisset
668 1772 791 1832 victima
805 1775 907 1853 terro,
1091 1792 1118 1845 ta:

168 1857 270 1931 Esset,
286 1856 338 1930 qui
352 1871 498 1931 generum
511 1855 615 1915 Minoa
627 1856 804 1917 auctoribus
819 1862 912 1942 extis

169 1940 298 2016 Iungere
312 1947 342 2000 et
356 1939 505 2016 ancipites
521 1940 665 2001 suaderet
677 1940 785 2001 tollere
800 1958 947 2019 pugnas.

169 2028 210 2084 At
223 2025 333 2096 nutrix,
350 2024 455 2100 patulo
468 2039 657 2098 componens
672 2026 789 2084 sulfura
801 2033 901 2104 testa,

168 2109 346 2169 Narcissum
360 2108 537 2182 casiamque
550 2108 662 2169 herbas
676 2110 836 2170 contundit
853 2115 1000 2193 olentes,

168 2193 288 2268 Terque
302 2207 424 2252 novena
437 2192 511 2266 ligat
523 2191 634 2267 triplici
648 2192 771 2252 diversa
787 2196 902 2258 colore
1084 2208 1121 2262 t'a

168 2276 249 2347 Fila3
271 2277 349 2352 „Ter
361 2276 392 2336 in
407 2276 554 2351 gremium
566 2280 703 2337 mecum“
717 2276 816 2352 inquit
829 2281 991 2359 „despue
1007 2288 1089 2348 virro.

169 2360 314 2438 „Despuc
327 2368 382 2433 ter,
397 2360 500 2435 virgoz
522 2375 648 2420 numero
664 2360 743 2421 deus
756 2360 882 2438 impare
897 2351 1063 2441 gaudens
1151 2387 1155 2467 Ι

168 2444 243 2504 Inde
257 2445 323 2506 lovi
338 2458 449 2519 magno
463 2444 595 2519 geminat
609 2443 758 2521 stygialis
770 2449 876 2520 sacia,

169 2526 265 2587 Sacra
278 2543 336 2588 nec
349 2528 463 2588 Aeaeis
478 2528 602 2589 senibus
617 2544 675 2589 nec
688 2528 812 2604 cognita
827 2532 957 2605 Graiis;

168 2611 276 2687 Pergit,
291 2612 461 2687 Amyclaeo
475 2628 625 2690 spargens
641 2610 747 2673 altana
759 2612 868 2689 thalla,
1089 2624 1121 2681 tta

168 2696 261 2771 Regis
277 2695 417 2755 Iolciacis
432 2696 566 2757 anlrnurn
579 2695 715 2771 deligere
729 2696 821 2757 votis.

167 2780 283 2840 Vemm
296 2779 349 2838 ubi
364 2779 446 2839 nulla
459 2786 563 2847 movet
575 2780 715 2842 stabilem
729 2780 852 2841 fallacia
866 2782 995 2861 Nisum,

167 2864 230 2923 Nec
244 2869 376 2939 possunt
388 2862 539 2937 homines,
554 2878 612 2925 nec
626 2872 758 2939 possunt
771 2862 902 2927 flectere
919 2869 990 2931 diri
1003 2904 1017 2914 ·

167 2947 262 3009 Tanta
276 2954 324 3008 est
338 2948 369 3006 in
384 2964 481 3024 parvo
495 2946 610 3009 fiducia
624 2948 708 3008 enne
722 2948 854 3009 cavandi
867 2975 897 3021 -3

145 3031 286 3093 ,Rursus
302 3032 343 3091 ad
357 3032 510 3107 incaptum
524 3032 644 3093 lacinus
659 3048 694 3093 sa
709 3032 803 3109 cingit
817 3034 948 3097 alumna
1090 3046 1129 3099 lat·

166 3113 416 3191 purpureumque
430 3123 518 3193 parat
530 3132 637 3177 rursus
651 3116 780 3177 tondere
794 3117 956 3192 capillum,

82 3214 85 3219 ·
165 3196 335 3274 Praetongo
352 3200 508 3275 quodiam
525 3207 627 3277 captat
640 3216 822 3263 succurrere
836 3204 959 3273 amori;

165 3280 232 3341 Non
247 3283 346 3343 minus
362 3284 413 3343 illa
427 3290 537 3355 tamen,
551 3284 657 3345 revehi
673 3284 758 3361 quod
772 3287 899 3347 moenia
914 3288 1036 3351 Cressa

166 3362 333 3439 Gaudebot,
350 3368 443 3427 cineri
459 3370 557 3445 patria
571 3376 620 3430 est
633 3370 765 3431 iucunda
781 3370 917 3445 sepulto.

31 3463 104 3556 ι
164 3442 247 3528 Ergo
261 3449 375 3513 iterum
388 3452 483 3528 capiti
492 3452 604 3529 Scalla
612 3461 664 3512 ast
672 3452 797 3513 initnicn
810 3461 955 3528 patemo.
1091 3466 1136 3519 toi
