<?xml version="1.0" encoding="UTF-8"?>
<!DOCTYPE html PUBLIC "-//W3C//DTD XHTML 1.0 Transitional//EN"
    "http://www.w3.org/TR/xhtml1/DTD/xhtml1-transitional.dtd">
<html xmlns="http://www.w3.org/1999/xhtml" xml:lang="en" lang="en">
 <head>
  <title>
</title>
<meta http-equiv="Content-Type" content="text/html;charset=utf-8" />
  <meta name='ocr-system' content='tesseract 3.04.00' />
  <meta name='ocr-capabilities' content='ocr_page ocr_carea ocr_par ocr_line ocrx_word'/>
</head>
<body>
  <div class='ocr_page' id='page_1' title='image "./pvirgiliimaroni11virggoog/pvirgiliimaroni11virggoog_0526.png"; bbox 0 0 2326 3780; ppageno 0'>
   <div class='ocr_carea' id='block_1_1' title="bbox 271 176 934 253">
    <p class='ocr_par' dir='ltr' id='par_1_1' title="bbox 271 176 934 253">
     <span class='ocr_line' id='line_1_1' title="bbox 271 176 934 253; baseline 0 -14"><span class='ocrx_word' id='word_1_1' title='bbox 271 176 466 239; x_wconf 73' lang='lat' dir='ltr'><strong>mammos</strong></span> <span class='ocrx_word' id='word_1_2' title='bbox 486 177 559 239; x_wconf 88' lang='lat' dir='ltr'><strong>LlB.</strong></span> <span class='ocrx_word' id='word_1_3' title='bbox 573 181 639 239; x_wconf 89' lang='lat' dir='ltr'><strong>vll.</strong></span> <span class='ocrx_word' id='word_1_4' title='bbox 870 178 934 253; x_wconf 60' lang='grc' dir='ltr'><strong>ἥδ</strong></span> 
     </span>
    </p>
   </div>
   <div class='ocr_carea' id='block_1_2' title="bbox 94 327 942 3423">
    <p class='ocr_par' dir='ltr' id='par_1_2' title="bbox 95 327 779 405">
     <span class='ocr_line' id='line_1_2' title="bbox 95 327 779 405; baseline -0.003 -12"><span class='ocrx_word' id='word_1_5' title='bbox 95 346 152 393; x_wconf 75' lang='lat' dir='ltr'><strong>tam</strong></span> <span class='ocrx_word' id='word_1_6' title='bbox 165 327 293 391; x_wconf 78' lang='lat' dir='ltr'><strong>intendit</strong></span> <span class='ocrx_word' id='word_1_7' title='bbox 308 344 430 389; x_wconf 87' lang='lat' dir='ltr'><strong>vocem=</strong></span> <span class='ocrx_word' id='word_1_8' title='bbox 453 344 515 403; x_wconf 88' lang='lat' dir='ltr'><strong>qua</strong></span> <span class='ocrx_word' id='word_1_9' title='bbox 527 337 674 405; x_wconf 90' lang='lat' dir='ltr'><strong>protenus</strong></span> <span class='ocrx_word' id='word_1_10' title='bbox 688 346 779 391; x_wconf 88' lang='lat' dir='ltr'><strong>omna</strong></span> 
     </span>
    </p>

    <p class='ocr_par' dir='ltr' id='par_1_3' title="bbox 95 413 935 572">
     <span class='ocr_line' id='line_1_3' title="bbox 95 413 935 489; baseline 0.005 -14"><span class='ocrx_word' id='word_1_11' title='bbox 95 415 165 475; x_wconf 90' lang='lat' dir='ltr'><strong>mnit</strong></span> <span class='ocrx_word' id='word_1_12' title='bbox 178 428 286 473; x_wconf 90' lang='lat' dir='ltr'><strong>nemus</strong></span> <span class='ocrx_word' id='word_1_13' title='bbox 301 420 331 471; x_wconf 89' lang='lat' dir='ltr'><strong>ct</strong></span> <span class='ocrx_word' id='word_1_14' title='bbox 345 413 444 473; x_wconf 88' lang='lat' dir='ltr'><strong>silvae</strong></span> <span class='ocrx_word' id='word_1_15' title='bbox 458 413 624 473; x_wconf 83' lang='lat' dir='ltr'>insonuere</span> <span class='ocrx_word' id='word_1_16' title='bbox 636 416 825 489; x_wconf 65' lang='lat' dir='ltr'><strong>profundam</strong></span> <span class='ocrx_word' id='word_1_17' title='bbox 881 425 935 481; x_wconf 87' lang='grc'><strong>515</strong></span> 
     </span>
     <span class='ocr_line' id='line_1_4' title="bbox 97 496 694 572; baseline -0.003 -13"><span class='ocrx_word' id='word_1_18' title='bbox 97 506 129 559; x_wconf 88' lang='lat' dir='ltr'><strong>ct</strong></span> <span class='ocrx_word' id='word_1_19' title='bbox 141 497 260 557; x_wconf 85' lang='lat' dir='ltr'><strong>Triviae</strong></span> <span class='ocrx_word' id='word_1_20' title='bbox 273 496 365 570; x_wconf 89' lang='lat' dir='ltr'><strong>longe</strong></span> <span class='ocrx_word' id='word_1_21' title='bbox 378 497 474 572; x_wconf 90' lang='lat' dir='ltr'><strong>lacus,</strong></span> <span class='ocrx_word' id='word_1_22' title='bbox 489 496 583 557; x_wconf 82' lang='lat' dir='ltr'><strong>audiit</strong></span> <span class='ocrx_word' id='word_1_23' title='bbox 595 498 694 557; x_wconf 89' lang='lat' dir='ltr'><strong>amnis</strong></span> 
     </span>
    </p>

    <p class='ocr_par' dir='ltr' id='par_1_4' title="bbox 95 579 711 654">
     <span class='ocr_line' id='line_1_5' title="bbox 95 579 711 654; baseline -0.002 -12"><span class='ocrx_word' id='word_1_24' title='bbox 95 600 121 643; x_wconf 72' lang='lat' dir='ltr'><strong>ta</strong></span> <span class='ocrx_word' id='word_1_25' title='bbox 135 583 195 641; x_wconf 87' lang='lat' dir='ltr'><strong>Nar</strong></span> <span class='ocrx_word' id='word_1_26' title='bbox 209 579 298 641; x_wconf 90' lang='lat' dir='ltr'><strong>albus</strong></span> <span class='ocrx_word' id='word_1_27' title='bbox 312 596 403 654; x_wconf 84' lang='lat' dir='ltr'><strong>aqua,</strong></span> <span class='ocrx_word' id='word_1_28' title='bbox 419 581 581 654; x_wconf 86' lang='lat' dir='ltr'><strong>sontesque</strong></span> <span class='ocrx_word' id='word_1_29' title='bbox 595 581 711 652; x_wconf 68' lang='lat' dir='ltr'><strong>Velini,</strong></span> 
     </span>
    </p>

    <p class='ocr_par' dir='ltr' id='par_1_5' title="bbox 95 663 760 739">
     <span class='ocr_line' id='line_1_6' title="bbox 95 663 760 739; baseline 0 -13"><span class='ocrx_word' id='word_1_30' title='bbox 95 667 169 726; x_wconf 89' lang='lat' dir='ltr'><strong>idae</strong></span> <span class='ocrx_word' id='word_1_31' title='bbox 182 671 294 725; x_wconf 90' lang='lat' dir='ltr'><strong>matres</strong></span> <span class='ocrx_word' id='word_1_32' title='bbox 309 677 453 738; x_wconf 83' lang='lat' dir='ltr'><strong>pressere</strong></span> <span class='ocrx_word' id='word_1_33' title='bbox 467 663 508 723; x_wconf 91' lang='lat' dir='ltr'><strong>ad</strong></span> <span class='ocrx_word' id='word_1_34' title='bbox 522 671 648 739; x_wconf 80' lang='lat' dir='ltr'>pectora</span> <span class='ocrx_word' id='word_1_35' title='bbox 662 672 760 726; x_wconf 88' lang='lat' dir='ltr'><strong>natos.</strong></span> 
     </span>
    </p>

    <p class='ocr_par' dir='ltr' id='par_1_6' title="bbox 95 747 818 826">
     <span class='ocr_line' id='line_1_7' title="bbox 95 747 818 826; baseline 0.003 -16"><span class='ocrx_word' id='word_1_36' title='bbox 95 765 141 811; x_wconf 87' lang='lat' dir='ltr'><strong>ero</strong></span> <span class='ocrx_word' id='word_1_37' title='bbox 158 749 198 809; x_wconf 92' lang='lat' dir='ltr'><strong>ad</strong></span> <span class='ocrx_word' id='word_1_38' title='bbox 212 762 321 807; x_wconf 85' lang='lat' dir='ltr'><strong>vocem</strong></span> <span class='ocrx_word' id='word_1_39' title='bbox 336 748 463 823; x_wconf 80' lang='lat' dir='ltr'><strong>celeres,</strong></span> <span class='ocrx_word' id='word_1_40' title='bbox 480 764 540 822; x_wconf 93' lang='lat' dir='ltr'><strong>qua</strong></span> <span class='ocrx_word' id='word_1_41' title='bbox 553 747 683 809; x_wconf 91' lang='lat' dir='ltr'><strong>buccina</strong></span> <span class='ocrx_word' id='word_1_42' title='bbox 698 750 818 826; x_wconf 86' lang='lat' dir='ltr'><strong>signum</strong></span> 
     </span>
    </p>

    <p class='ocr_par' dir='ltr' id='par_1_7' title="bbox 95 831 935 993">
     <span class='ocr_line' id='line_1_8' title="bbox 95 831 935 909; baseline 0.004 -15"><span class='ocrx_word' id='word_1_43' title='bbox 95 834 160 909; x_wconf 80' lang='lat' dir='ltr'><strong>edit,</strong></span> <span class='ocrx_word' id='word_1_44' title='bbox 174 832 270 907; x_wconf 82' lang='lat' dir='ltr'><strong>raptis</strong></span> <span class='ocrx_word' id='word_1_45' title='bbox 285 838 468 891; x_wconf 85' lang='lat' dir='ltr'><strong>concurrunt</strong></span> <span class='ocrx_word' id='word_1_46' title='bbox 481 831 618 907; x_wconf 82' lang='lat' dir='ltr'><strong>undiqde</strong></span> <span class='ocrx_word' id='word_1_47' title='bbox 632 833 699 894; x_wconf 88' lang='lat' dir='ltr'><strong>telis</strong></span> <span class='ocrx_word' id='word_1_48' title='bbox 883 844 935 897; x_wconf 73' lang='lat'><strong>520</strong></span> 
     </span>
     <span class='ocr_line' id='line_1_9' title="bbox 95 914 718 993; baseline 0.002 -17"><span class='ocrx_word' id='word_1_49' title='bbox 95 918 121 979; x_wconf 86' lang='lat' dir='ltr'><strong>ti</strong></span> <span class='ocrx_word' id='word_1_50' title='bbox 134 915 303 993; x_wconf 67' lang='lat' dir='ltr'><strong>agricolae,</strong></span> <span class='ocrx_word' id='word_1_51' title='bbox 325 930 382 975; x_wconf 90' lang='lat' dir='ltr'><strong>nec</strong></span> <span class='ocrx_word' id='word_1_52' title='bbox 396 930 458 975; x_wconf 93' lang='lat' dir='ltr'><strong>non</strong></span> <span class='ocrx_word' id='word_1_53' title='bbox 473 922 503 974; x_wconf 92' lang='lat' dir='ltr'><strong>et</strong></span> <span class='ocrx_word' id='word_1_54' title='bbox 516 914 607 975; x_wconf 85' lang='lat' dir='ltr'><strong>Troia</strong></span> <span class='ocrx_word' id='word_1_55' title='bbox 619 916 718 991; x_wconf 86' lang='lat' dir='ltr'><strong>pubes</strong></span> 
     </span>
    </p>

    <p class='ocr_par' dir='ltr' id='par_1_8' title="bbox 95 996 679 1075">
     <span class='ocr_line' id='line_1_10' title="bbox 95 996 679 1075; baseline -0.009 -12"><span class='ocrx_word' id='word_1_56' title='bbox 95 1019 114 1063; x_wconf 96' lang='lat' dir='ltr'><strong>o</strong></span> <span class='ocrx_word' id='word_1_57' title='bbox 129 1000 274 1063; x_wconf 84' lang='lat' dir='ltr'><strong>auxilium</strong></span> <span class='ocrx_word' id='word_1_58' title='bbox 289 998 398 1059; x_wconf 90' lang='lat' dir='ltr'><strong>castris</strong></span> <span class='ocrx_word' id='word_1_59' title='bbox 413 996 542 1060; x_wconf 78' lang='lat' dir='ltr'><strong>effundit</strong></span> <span class='ocrx_word' id='word_1_60' title='bbox 555 1000 679 1075; x_wconf 86' lang='lat' dir='ltr'><strong>apertis.</strong></span> 
     </span>
    </p>

    <p class='ocr_par' dir='ltr' id='par_1_9' title="bbox 95 1083 715 1159">
     <span class='ocr_line' id='line_1_11' title="bbox 95 1083 715 1159; baseline 0 -14"><span class='ocrx_word' id='word_1_61' title='bbox 95 1102 124 1147; x_wconf 92' lang='lat' dir='ltr'><strong>re</strong></span> <span class='ocrx_word' id='word_1_62' title='bbox 140 1086 234 1147; x_wconf 88' lang='lat' dir='ltr'><strong>acies.</strong></span> <span class='ocrx_word' id='word_1_63' title='bbox 269 1084 336 1144; x_wconf 89' lang='lat' dir='ltr'><strong>Non</strong></span> <span class='ocrx_word' id='word_1_64' title='bbox 350 1083 410 1144; x_wconf 91' lang='lat' dir='ltr'><strong>iam</strong></span> <span class='ocrx_word' id='word_1_65' title='bbox 425 1083 589 1144; x_wconf 76' lang='lat' dir='ltr'><strong>certamine</strong></span> <span class='ocrx_word' id='word_1_66' title='bbox 603 1086 715 1159; x_wconf 79' lang='lat' dir='ltr'><strong>agresti</strong></span> 
     </span>
    </p>

    <p class='ocr_par' dir='ltr' id='par_1_10' title="bbox 95 1167 760 1244">
     <span class='ocr_line' id='line_1_12' title="bbox 95 1167 760 1244; baseline -0.002 -19"><span class='ocrx_word' id='word_1_67' title='bbox 95 1187 136 1231; x_wconf 73' lang='lat' dir='ltr'><strong>»us</strong></span> <span class='ocrx_word' id='word_1_68' title='bbox 152 1171 238 1231; x_wconf 89' lang='lat' dir='ltr'><strong>duris</strong></span> <span class='ocrx_word' id='word_1_69' title='bbox 253 1169 352 1244; x_wconf 85' lang='lat' dir='ltr'><strong>agitur</strong></span> <span class='ocrx_word' id='word_1_70' title='bbox 365 1167 535 1228; x_wconf 90' lang='lat' dir='ltr'><strong>sudibusve</strong></span> <span class='ocrx_word' id='word_1_71' title='bbox 548 1169 719 1243; x_wconf 83' lang='lat' dir='ltr'><strong>praeustis;</strong></span> <span class='ocrx_word' id='word_1_72' title='bbox 755 1208 760 1224; x_wconf 77' lang='lat'>.</span> 
     </span>
    </p>

    <p class='ocr_par' dir='ltr' id='par_1_11' title="bbox 95 1252 934 1413">
     <span class='ocr_line' id='line_1_13' title="bbox 95 1252 934 1329; baseline 0.002 -16"><span class='ocrx_word' id='word_1_73' title='bbox 95 1269 137 1314; x_wconf 83' lang='lat' dir='ltr'><strong>ro</strong></span> <span class='ocrx_word' id='word_1_74' title='bbox 152 1254 277 1329; x_wconf 89' lang='lat' dir='ltr'><strong>ancipiti</strong></span> <span class='ocrx_word' id='word_1_75' title='bbox 292 1252 466 1327; x_wconf 88' lang='lat' dir='ltr'><strong>decernunt,</strong></span> <span class='ocrx_word' id='word_1_76' title='bbox 482 1259 608 1326; x_wconf 89' lang='lat' dir='ltr'><strong>atraque</strong></span> <span class='ocrx_word' id='word_1_77' title='bbox 622 1252 681 1313; x_wconf 88' lang='lat' dir='ltr'><strong>late</strong></span> <span class='ocrx_word' id='word_1_78' title='bbox 882 1262 934 1315; x_wconf 79' lang='grc'><strong>505</strong></span> 
     </span>
     <span class='ocr_line' id='line_1_14' title="bbox 95 1335 797 1413; baseline 0 -16"><span class='ocrx_word' id='word_1_79' title='bbox 95 1339 135 1397; x_wconf 92' lang='lat' dir='ltr'><strong>cit</strong></span> <span class='ocrx_word' id='word_1_80' title='bbox 149 1337 262 1397; x_wconf 88' lang='lat' dir='ltr'><strong>strictis</strong></span> <span class='ocrx_word' id='word_1_81' title='bbox 276 1351 369 1410; x_wconf 88' lang='lat' dir='ltr'><strong>seges</strong></span> <span class='ocrx_word' id='word_1_82' title='bbox 383 1335 519 1410; x_wconf 86' lang='lat' dir='ltr'><strong>ensibus,</strong></span> <span class='ocrx_word' id='word_1_83' title='bbox 535 1352 668 1411; x_wconf 89' lang='lat' dir='ltr'><strong>aeraque</strong></span> <span class='ocrx_word' id='word_1_84' title='bbox 682 1338 797 1413; x_wconf 81' lang='lat' dir='ltr'><strong>fulgent</strong></span> 
     </span>
    </p>

    <p class='ocr_par' dir='ltr' id='par_1_12' title="bbox 95 1420 705 1481">
     <span class='ocr_line' id='line_1_15' title="bbox 95 1420 705 1481; baseline -0.003 -2"><span class='ocrx_word' id='word_1_85' title='bbox 95 1422 210 1481; x_wconf 88' lang='lat' dir='ltr'><strong>cessita</strong></span> <span class='ocrx_word' id='word_1_86' title='bbox 224 1427 254 1479; x_wconf 90' lang='lat' dir='ltr'><strong>et</strong></span> <span class='ocrx_word' id='word_1_87' title='bbox 267 1420 366 1479; x_wconf 90' lang='lat' dir='ltr'><strong>lucem</strong></span> <span class='ocrx_word' id='word_1_88' title='bbox 381 1420 439 1478; x_wconf 92' lang='lat' dir='ltr'><strong>sub</strong></span> <span class='ocrx_word' id='word_1_89' title='bbox 454 1420 559 1481; x_wconf 89' lang='lat' dir='ltr'><strong>nubila</strong></span> <span class='ocrx_word' id='word_1_90' title='bbox 571 1420 705 1481; x_wconf 62' lang='lat' dir='ltr'><strong>iactante</strong></span> 
     </span>
    </p>

    <p class='ocr_par' dir='ltr' id='par_1_13' title="bbox 95 1502 782 1581">
     <span class='ocr_line' id='line_1_16' title="bbox 95 1502 782 1581; baseline 0 -16"><span class='ocrx_word' id='word_1_91' title='bbox 95 1504 158 1565; x_wconf 82' lang='lat' dir='ltr'><strong>tuti</strong></span> <span class='ocrx_word' id='word_1_92' title='bbox 173 1504 271 1579; x_wconf 91' lang='lat' dir='ltr'><strong>primo</strong></span> <span class='ocrx_word' id='word_1_93' title='bbox 283 1503 385 1578; x_wconf 90' lang='lat' dir='ltr'><strong>coepit</strong></span> <span class='ocrx_word' id='word_1_94' title='bbox 398 1520 491 1577; x_wconf 92' lang='lat' dir='ltr'><strong>quum</strong></span> <span class='ocrx_word' id='word_1_95' title='bbox 506 1502 664 1565; x_wconf 81' lang='lat' dir='ltr'><strong>albescere</strong></span> <span class='ocrx_word' id='word_1_96' title='bbox 678 1512 782 1581; x_wconf 90' lang='lat' dir='ltr'><strong>ponto,</strong></span> 
     </span>
    </p>

    <p class='ocr_par' dir='ltr' id='par_1_14' title="bbox 95 1586 714 1649">
     <span class='ocr_line' id='line_1_17' title="bbox 95 1586 714 1649; baseline 0.006 -4"><span class='ocrx_word' id='word_1_97' title='bbox 95 1588 135 1645; x_wconf 91' lang='lat' dir='ltr'><strong>im</strong></span> <span class='ocrx_word' id='word_1_98' title='bbox 150 1602 221 1646; x_wconf 90' lang='lat' dir='ltr'><strong>sese</strong></span> <span class='ocrx_word' id='word_1_99' title='bbox 234 1586 312 1646; x_wconf 91' lang='lat' dir='ltr'><strong>tollit</strong></span> <span class='ocrx_word' id='word_1_100' title='bbox 324 1602 408 1645; x_wconf 89' lang='lat' dir='ltr'><strong>mare</strong></span> <span class='ocrx_word' id='word_1_101' title='bbox 422 1595 453 1645; x_wconf 92' lang='lat' dir='ltr'><strong>et</strong></span> <span class='ocrx_word' id='word_1_102' title='bbox 467 1587 556 1647; x_wconf 91' lang='lat' dir='ltr'><strong>altius</strong></span> <span class='ocrx_word' id='word_1_103' title='bbox 570 1589 669 1649; x_wconf 87' lang='lat' dir='ltr'><strong>undas</strong></span> <span class='ocrx_word' id='word_1_104' title='bbox 709 1596 714 1607; x_wconf 89' lang='lat'>&#39;</span> 
     </span>
    </p>

    <p class='ocr_par' dir='ltr' id='par_1_15' title="bbox 95 1662 934 1831">
     <span class='ocr_line' id='line_1_18' title="bbox 97 1662 934 1743; baseline 0.005 -14"><span class='ocrx_word' id='word_1_105' title='bbox 97 1670 169 1731; x_wconf 89' lang='lat' dir='ltr'><strong>inde</strong></span> <span class='ocrx_word' id='word_1_106' title='bbox 187 1672 248 1731; x_wconf 90' lang='lat' dir='ltr'><strong>imo</strong></span> <span class='ocrx_word' id='word_1_107' title='bbox 264 1670 421 1743; x_wconf 81' lang='lat' dir='ltr'><strong>consurgit</strong></span> <span class='ocrx_word' id='word_1_108' title='bbox 434 1671 474 1729; x_wconf 93' lang='lat' dir='ltr'><strong>ad</strong></span> <span class='ocrx_word' id='word_1_109' title='bbox 488 1671 612 1731; x_wconf 88' lang='lat' dir='ltr'><strong>aethera</strong></span> <span class='ocrx_word' id='word_1_110' title='bbox 627 1662 731 1733; x_wconf 79' lang='lat' dir='ltr'><strong>lurido.</strong></span> <span class='ocrx_word' id='word_1_111' title='bbox 884 1683 934 1737; x_wconf 78' lang='grc'><strong>530</strong></span> 
     </span>
     <span class='ocr_line' id='line_1_19' title="bbox 95 1755 798 1831; baseline 0.001 -16"><span class='ocrx_word' id='word_1_112' title='bbox 95 1756 170 1816; x_wconf 75' lang='lat' dir='ltr'><strong>rents</strong></span> <span class='ocrx_word' id='word_1_113' title='bbox 183 1755 312 1831; x_wconf 90' lang='lat' dir='ltr'><strong>primam</strong></span> <span class='ocrx_word' id='word_1_114' title='bbox 325 1760 395 1813; x_wconf 86' lang='lat' dir='ltr'><strong>ante</strong></span> <span class='ocrx_word' id='word_1_115' title='bbox 410 1755 507 1813; x_wconf 85' lang='lat' dir='ltr'><strong>aciem</strong></span> <span class='ocrx_word' id='word_1_116' title='bbox 521 1755 666 1815; x_wconf 88' lang='lat' dir='ltr'><strong>stridente</strong></span> <span class='ocrx_word' id='word_1_117' title='bbox 681 1758 798 1831; x_wconf 81' lang='lat' dir='ltr'><strong>sagitta,</strong></span> 
     </span>
    </p>

    <p class='ocr_par' dir='ltr' id='par_1_16' title="bbox 95 1838 723 1915">
     <span class='ocr_line' id='line_1_20' title="bbox 95 1838 723 1915; baseline 0.002 -17"><span class='ocrx_word' id='word_1_118' title='bbox 95 1856 125 1898; x_wconf 90' lang='lat' dir='ltr'><strong>m</strong></span> <span class='ocrx_word' id='word_1_119' title='bbox 138 1838 265 1915; x_wconf 80' lang='lat' dir='ltr'><strong>Tyrrhei</strong></span> <span class='ocrx_word' id='word_1_120' title='bbox 281 1838 379 1897; x_wconf 88' lang='lat' dir='ltr'><strong>luerat</strong></span> <span class='ocrx_word' id='word_1_121' title='bbox 393 1839 445 1913; x_wconf 91' lang='lat' dir='ltr'><strong>qui</strong></span> <span class='ocrx_word' id='word_1_122' title='bbox 459 1839 619 1911; x_wconf 86' lang='lat' dir='ltr'><strong>maximus,</strong></span> <span class='ocrx_word' id='word_1_123' title='bbox 634 1840 723 1899; x_wconf 86' lang='lat' dir='ltr'><strong>Almo</strong></span> 
     </span>
    </p>

    <p class='ocr_par' dir='ltr' id='par_1_17' title="bbox 95 1921 840 1997">
     <span class='ocr_line' id='line_1_21' title="bbox 95 1921 840 1997; baseline 0.001 -14"><span class='ocrx_word' id='word_1_124' title='bbox 95 1940 141 1983; x_wconf 87' lang='lat' dir='ltr'><strong>ur=</strong></span> <span class='ocrx_word' id='word_1_125' title='bbox 163 1922 264 1982; x_wconf 89' lang='lat' dir='ltr'><strong>haesit</strong></span> <span class='ocrx_word' id='word_1_126' title='bbox 276 1922 357 1981; x_wconf 88' lang='lat' dir='ltr'><strong>enim</strong></span> <span class='ocrx_word' id='word_1_127' title='bbox 372 1921 430 1983; x_wconf 91' lang='lat' dir='ltr'><strong>sub</strong></span> <span class='ocrx_word' id='word_1_128' title='bbox 445 1928 566 1997; x_wconf 90' lang='lat' dir='ltr'><strong>gutture</strong></span> <span class='ocrx_word' id='word_1_129' title='bbox 579 1924 701 1995; x_wconf 87' lang='lat' dir='ltr'><strong>vulnus,</strong></span> <span class='ocrx_word' id='word_1_130' title='bbox 717 1932 747 1984; x_wconf 88' lang='lat' dir='ltr'><strong>et</strong></span> <span class='ocrx_word' id='word_1_131' title='bbox 761 1924 840 1985; x_wconf 90' lang='lat' dir='ltr'><strong>udae</strong></span> 
     </span>
    </p>

    <p class='ocr_par' dir='ltr' id='par_1_18' title="bbox 95 2006 760 2082">
     <span class='ocr_line' id='line_1_22' title="bbox 95 2006 760 2082; baseline 0.002 -17"><span class='ocrx_word' id='word_1_132' title='bbox 95 2007 147 2066; x_wconf 88' lang='lat' dir='ltr'><strong>iter</strong></span> <span class='ocrx_word' id='word_1_133' title='bbox 160 2014 345 2080; x_wconf 89' lang='lat' dir='ltr'><strong>tenuemque</strong></span> <span class='ocrx_word' id='word_1_134' title='bbox 358 2006 480 2067; x_wconf 87' lang='lat' dir='ltr'><strong>inclusit</strong></span> <span class='ocrx_word' id='word_1_135' title='bbox 494 2008 643 2082; x_wconf 87' lang='lat' dir='ltr'><strong>sanguine</strong></span> <span class='ocrx_word' id='word_1_136' title='bbox 658 2008 760 2069; x_wconf 83' lang='lat' dir='ltr'><strong>vitam.</strong></span> 
     </span>
    </p>

    <p class='ocr_par' dir='ltr' id='par_1_19' title="bbox 95 2090 934 2332">
     <span class='ocr_line' id='line_1_23' title="bbox 95 2090 934 2167; baseline 0.005 -17"><span class='ocrx_word' id='word_1_137' title='bbox 95 2107 116 2150; x_wconf 89' lang='lat' dir='ltr'><strong>a</strong></span> <span class='ocrx_word' id='word_1_138' title='bbox 130 2092 222 2151; x_wconf 91' lang='lat' dir='ltr'><strong>multa</strong></span> <span class='ocrx_word' id='word_1_139' title='bbox 235 2090 334 2151; x_wconf 82' lang='lat' dir='ltr'><strong>virum</strong></span> <span class='ocrx_word' id='word_1_140' title='bbox 348 2090 437 2164; x_wconf 89' lang='lat' dir='ltr'><strong>circa,</strong></span> <span class='ocrx_word' id='word_1_141' title='bbox 452 2092 619 2167; x_wconf 89' lang='lat' dir='ltr'><strong>seniorque</strong></span> <span class='ocrx_word' id='word_1_142' title='bbox 633 2092 790 2166; x_wconf 84' lang='lat' dir='ltr'><strong>Galaesus,</strong></span> <span class='ocrx_word' id='word_1_143' title='bbox 843 2135 849 2143; x_wconf 75' lang='grc'><strong>-</strong></span> <span class='ocrx_word' id='word_1_144' title='bbox 883 2100 934 2155; x_wconf 80' lang='grc'><strong>505</strong></span> 
     </span>
     <span class='ocr_line' id='line_1_24' title="bbox 95 2173 744 2245; baseline 0.003 -12"><span class='ocrx_word' id='word_1_145' title='bbox 95 2175 140 2235; x_wconf 91' lang='lat' dir='ltr'><strong>aci</strong></span> <span class='ocrx_word' id='word_1_146' title='bbox 154 2174 288 2234; x_wconf 90' lang='lat' dir='ltr'><strong>medinm</strong></span> <span class='ocrx_word' id='word_1_147' title='bbox 302 2189 336 2233; x_wconf 92' lang='lat' dir='ltr'><strong>se</strong></span> <span class='ocrx_word' id='word_1_148' title='bbox 351 2173 448 2245; x_wconf 83' lang='lat' dir='ltr'><strong>offert,</strong></span> <span class='ocrx_word' id='word_1_149' title='bbox 465 2176 649 2237; x_wconf 90' lang='lat' dir='ltr'><strong>iustissimus</strong></span> <span class='ocrx_word' id='word_1_150' title='bbox 664 2193 744 2235; x_wconf 88' lang='lat' dir='ltr'><strong>unus</strong></span> 
     </span>
     <span class='ocr_line' id='line_1_25' title="bbox 95 2258 714 2332; baseline -0.002 -15"><span class='ocrx_word' id='word_1_151' title='bbox 95 2258 329 2332; x_wconf 89' lang='lat' dir='ltr'><strong>tAusoniisquc</strong></span> <span class='ocrx_word' id='word_1_152' title='bbox 345 2258 415 2317; x_wconf 94' lang='lat' dir='ltr'><strong>olim</strong></span> <span class='ocrx_word' id='word_1_153' title='bbox 432 2259 603 2321; x_wconf 84' lang='lat' dir='ltr'><strong>ditissimus</strong></span> <span class='ocrx_word' id='word_1_154' title='bbox 615 2261 714 2319; x_wconf 77' lang='lat' dir='ltr'><strong>arvis:</strong></span> 
     </span>
    </p>

    <p class='ocr_par' dir='ltr' id='par_1_20' title="bbox 95 2341 824 2419">
     <span class='ocr_line' id='line_1_26' title="bbox 95 2341 824 2419; baseline 0.005 -18"><span class='ocrx_word' id='word_1_155' title='bbox 95 2357 120 2401; x_wconf 81' lang='lat' dir='ltr'><strong>ie</strong></span> <span class='ocrx_word' id='word_1_156' title='bbox 133 2357 242 2417; x_wconf 77' lang='lat' dir='ltr'><strong>greges</strong></span> <span class='ocrx_word' id='word_1_157' title='bbox 257 2342 300 2400; x_wconf 92' lang='lat' dir='ltr'><strong>illi</strong></span> <span class='ocrx_word' id='word_1_158' title='bbox 316 2341 478 2419; x_wconf 90' lang='lat' dir='ltr'><strong>balantum,</strong></span> <span class='ocrx_word' id='word_1_159' title='bbox 493 2346 586 2419; x_wconf 88' lang='lat' dir='ltr'><strong>quina</strong></span> <span class='ocrx_word' id='word_1_160' title='bbox 596 2346 736 2405; x_wconf 90' lang='lat' dir='ltr'><strong>redibant</strong></span> <span class='ocrx_word' id='word_1_161' title='bbox 820 2346 824 2354; x_wconf 90' lang='lat'>&#39;</span> 
     </span>
    </p>

    <p class='ocr_par' dir='ltr' id='par_1_21' title="bbox 95 2428 720 2498">
     <span class='ocr_line' id='line_1_27' title="bbox 95 2428 720 2498; baseline 0.003 -13"><span class='ocrx_word' id='word_1_162' title='bbox 95 2431 133 2498; x_wconf 89' lang='lat' dir='ltr'><strong>ta,</strong></span> <span class='ocrx_word' id='word_1_163' title='bbox 149 2432 180 2485; x_wconf 90' lang='lat' dir='ltr'><strong>et</strong></span> <span class='ocrx_word' id='word_1_164' title='bbox 192 2432 304 2485; x_wconf 89' lang='lat' dir='ltr'><strong>terram</strong></span> <span class='ocrx_word' id='word_1_165' title='bbox 319 2433 439 2486; x_wconf 90' lang='lat' dir='ltr'><strong>centum</strong></span> <span class='ocrx_word' id='word_1_166' title='bbox 452 2428 590 2489; x_wconf 84' lang='lat' dir='ltr'><strong>vertebat</strong></span> <span class='ocrx_word' id='word_1_167' title='bbox 603 2430 720 2489; x_wconf 86' lang='lat' dir='ltr'><strong>aratris.</strong></span> 
     </span>
    </p>

    <p class='ocr_par' dir='ltr' id='par_1_22' title="bbox 95 2512 935 2671">
     <span class='ocr_line' id='line_1_28' title="bbox 95 2512 935 2587; baseline 0.007 -20"><span class='ocrx_word' id='word_1_168' title='bbox 95 2524 121 2567; x_wconf 87' lang='lat' dir='ltr'><strong>ro</strong></span> <span class='ocrx_word' id='word_1_169' title='bbox 136 2524 172 2568; x_wconf 88' lang='lat' dir='ltr'><strong>ea</strong></span> <span class='ocrx_word' id='word_1_170' title='bbox 186 2526 242 2585; x_wconf 89' lang='lat' dir='ltr'><strong>per</strong></span> <span class='ocrx_word' id='word_1_171' title='bbox 253 2525 382 2586; x_wconf 90' lang='lat' dir='ltr'><strong>campos</strong></span> <span class='ocrx_word' id='word_1_172' title='bbox 397 2527 500 2587; x_wconf 90' lang='lat' dir='ltr'><strong>aequo</strong></span> <span class='ocrx_word' id='word_1_173' title='bbox 512 2512 583 2571; x_wconf 91' lang='lat' dir='ltr'><strong>dum</strong></span> <span class='ocrx_word' id='word_1_174' title='bbox 598 2513 695 2573; x_wconf 90' lang='lat' dir='ltr'><strong>Marte</strong></span> <span class='ocrx_word' id='word_1_175' title='bbox 709 2519 861 2587; x_wconf 86' lang='lat' dir='ltr'><strong>geruntur,</strong></span> <span class='ocrx_word' id='word_1_176' title='bbox 883 2519 935 2573; x_wconf 77' lang='grc'><strong>500</strong></span> 
     </span>
     <span class='ocr_line' id='line_1_29' title="bbox 98 2593 785 2671; baseline 0.009 -20"><span class='ocrx_word' id='word_1_177' title='bbox 98 2593 124 2652; x_wconf 93' lang='lat' dir='ltr'><strong>si</strong></span> <span class='ocrx_word' id='word_1_178' title='bbox 140 2593 199 2653; x_wconf 90' lang='lat' dir='ltr'><strong>dea</strong></span> <span class='ocrx_word' id='word_1_179' title='bbox 214 2595 293 2653; x_wconf 86' lang='lat' dir='ltr'><strong>lacta</strong></span> <span class='ocrx_word' id='word_1_180' title='bbox 307 2602 428 2669; x_wconf 88' lang='lat' dir='ltr'><strong>potens,</strong></span> <span class='ocrx_word' id='word_1_181' title='bbox 444 2596 494 2655; x_wconf 78' lang='lat' dir='ltr'><strong>irbi</strong></span> <span class='ocrx_word' id='word_1_182' title='bbox 510 2597 658 2671; x_wconf 89' lang='lat' dir='ltr'><strong>sanguine</strong></span> <span class='ocrx_word' id='word_1_183' title='bbox 671 2597 785 2657; x_wconf 89' lang='lat' dir='ltr'><strong>bellum</strong></span> 
     </span>
    </p>

    <p class='ocr_par' dir='ltr' id='par_1_23' title="bbox 102 2677 693 2756">
     <span class='ocr_line' id='line_1_30' title="bbox 102 2677 693 2756; baseline 0.007 -19"><span class='ocrx_word' id='word_1_184' title='bbox 102 2684 134 2737; x_wconf 92' lang='lat' dir='ltr'><strong>et</strong></span> <span class='ocrx_word' id='word_1_185' title='bbox 146 2677 263 2752; x_wconf 88' lang='lat' dir='ltr'><strong>primae</strong></span> <span class='ocrx_word' id='word_1_186' title='bbox 277 2679 429 2739; x_wconf 89' lang='lat' dir='ltr'><strong>commisit</strong></span> <span class='ocrx_word' id='word_1_187' title='bbox 442 2681 548 2741; x_wconf 91' lang='lat' dir='ltr'><strong>lunera</strong></span> <span class='ocrx_word' id='word_1_188' title='bbox 562 2696 693 2756; x_wconf 86' lang='lat' dir='ltr'><strong>pugnae,</strong></span> 
     </span>
    </p>

    <p class='ocr_par' dir='ltr' id='par_1_24' title="bbox 95 2760 799 2841">
     <span class='ocr_line' id='line_1_31' title="bbox 95 2760 799 2841; baseline 0.01 -21"><span class='ocrx_word' id='word_1_189' title='bbox 95 2806 98 2820; x_wconf 90' lang='lat'><em>.</em></span> <span class='ocrx_word' id='word_1_190' title='bbox 111 2760 300 2838; x_wconf 88' lang='lat' dir='ltr'><strong>Hesperiam,</strong></span> <span class='ocrx_word' id='word_1_191' title='bbox 317 2770 354 2837; x_wconf 87' lang='lat' dir='ltr'><strong>et,</strong></span> <span class='ocrx_word' id='word_1_192' title='bbox 370 2763 449 2822; x_wconf 93' lang='lat' dir='ltr'><strong>coeli</strong></span> <span class='ocrx_word' id='word_1_193' title='bbox 463 2779 613 2825; x_wconf 85' lang='lat' dir='ltr'><strong>conversa</strong></span> <span class='ocrx_word' id='word_1_194' title='bbox 629 2780 799 2841; x_wconf 76' lang='lat' dir='ltr'><strong>paraturae,</strong></span> 
     </span>
    </p>

    <p class='ocr_par' dir='ltr' id='par_1_25' title="bbox 94 2846 631 2924">
     <span class='ocr_line' id='line_1_32' title="bbox 94 2846 631 2924; baseline -0.002 -19"><span class='ocrx_word' id='word_1_195' title='bbox 94 2864 124 2905; x_wconf 93' lang='lat' dir='ltr'><strong>m</strong></span> <span class='ocrx_word' id='word_1_196' title='bbox 139 2846 249 2907; x_wconf 84' lang='lat' dir='ltr'><strong>victrix</strong></span> <span class='ocrx_word' id='word_1_197' title='bbox 267 2846 376 2907; x_wconf 83' lang='lat' dir='ltr'><strong>affatur</strong></span> <span class='ocrx_word' id='word_1_198' title='bbox 391 2862 469 2906; x_wconf 91' lang='lat' dir='ltr'><strong>voce</strong></span> <span class='ocrx_word' id='word_1_199' title='bbox 484 2849 631 2924; x_wconf 80' lang='lat' dir='ltr'><strong>superba:</strong></span> 
     </span>
    </p>

    <p class='ocr_par' dir='ltr' id='par_1_26' title="bbox 95 2930 933 3090">
     <span class='ocr_line' id='line_1_33' title="bbox 95 2930 933 2993; baseline 0 -4"><span class='ocrx_word' id='word_1_200' title='bbox 95 2931 193 2989; x_wconf 75' lang='lat' dir='ltr'><strong>:nfecta</strong></span> <span class='ocrx_word' id='word_1_201' title='bbox 206 2930 260 2990; x_wconf 89' lang='lat' dir='ltr'><strong>tibi</strong></span> <span class='ocrx_word' id='word_1_202' title='bbox 274 2930 355 2990; x_wconf 92' lang='lat' dir='ltr'><strong>bello</strong></span> <span class='ocrx_word' id='word_1_203' title='bbox 372 2930 528 2991; x_wconf 90' lang='lat' dir='ltr'><strong>discordia</strong></span> <span class='ocrx_word' id='word_1_204' title='bbox 541 2933 631 2993; x_wconf 91' lang='lat' dir='ltr'><strong>tristi!</strong></span> <span class='ocrx_word' id='word_1_205' title='bbox 882 2936 933 2991; x_wconf 78' lang='lat'><strong>545</strong></span> 
     </span>
     <span class='ocr_line' id='line_1_34' title="bbox 95 3016 746 3090; baseline 0 -17"><span class='ocrx_word' id='word_1_206' title='bbox 95 3032 107 3072; x_wconf 83' lang='lat' dir='ltr'><strong>r</strong></span> <span class='ocrx_word' id='word_1_207' title='bbox 122 3016 284 3074; x_wconf 86' lang='lat' dir='ltr'><strong>amicitiam</strong></span> <span class='ocrx_word' id='word_1_208' title='bbox 299 3018 407 3074; x_wconf 72' lang='lat' dir='ltr'><strong>coeant</strong></span> <span class='ocrx_word' id='word_1_209' title='bbox 422 3023 453 3074; x_wconf 90' lang='lat' dir='ltr'><strong>et</strong></span> <span class='ocrx_word' id='word_1_210' title='bbox 467 3016 593 3077; x_wconf 90' lang='lat' dir='ltr'><strong>loedera</strong></span> <span class='ocrx_word' id='word_1_211' title='bbox 606 3019 746 3090; x_wconf 82' lang='lat' dir='ltr'><strong>iungant!</strong></span> 
     </span>
    </p>

    <p class='ocr_par' dir='ltr' id='par_1_27' title="bbox 95 3098 877 3253">
     <span class='ocr_line' id='line_1_35' title="bbox 95 3098 877 3175; baseline -0.001 -19"><span class='ocrx_word' id='word_1_212' title='bbox 95 3098 252 3172; x_wconf 91' lang='lat' dir='ltr'><strong>loquidem</strong></span> <span class='ocrx_word' id='word_1_213' title='bbox 265 3098 404 3158; x_wconf 88' lang='lat' dir='ltr'><strong>Ausonio</strong></span> <span class='ocrx_word' id='word_1_214' title='bbox 419 3101 555 3175; x_wconf 88' lang='lat' dir='ltr'><strong>respersi</strong></span> <span class='ocrx_word' id='word_1_215' title='bbox 569 3101 720 3174; x_wconf 86' lang='lat' dir='ltr'><strong>sanguine</strong></span> <span class='ocrx_word' id='word_1_216' title='bbox 734 3098 877 3169; x_wconf 84' lang='lat' dir='ltr'><strong>Teucros,</strong></span> 
     </span>
     <span class='ocr_line' id='line_1_36' title="bbox 95 3181 829 3253; baseline -0.003 -15"><span class='ocrx_word' id='word_1_217' title='bbox 95 3181 168 3239; x_wconf 91' lang='lat' dir='ltr'><strong>tiam</strong></span> <span class='ocrx_word' id='word_1_218' title='bbox 182 3182 230 3241; x_wconf 90' lang='lat' dir='ltr'><strong>bis</strong></span> <span class='ocrx_word' id='word_1_219' title='bbox 245 3182 366 3253; x_wconf 85' lang='lat' dir='ltr'><strong>addam,</strong></span> <span class='ocrx_word' id='word_1_220' title='bbox 382 3189 433 3241; x_wconf 91' lang='lat' dir='ltr'><strong>tua</strong></span> <span class='ocrx_word' id='word_1_221' title='bbox 447 3184 474 3241; x_wconf 89' lang='lat' dir='ltr'><strong>si</strong></span> <span class='ocrx_word' id='word_1_222' title='bbox 488 3184 561 3243; x_wconf 88' lang='lat' dir='ltr'><strong>mibi</strong></span> <span class='ocrx_word' id='word_1_223' title='bbox 576 3192 658 3243; x_wconf 86' lang='lat' dir='ltr'><strong>certa</strong></span> <span class='ocrx_word' id='word_1_224' title='bbox 672 3183 829 3241; x_wconf 70' lang='lat' dir='ltr'><strong>voluntasz</strong></span> 
     </span>
    </p>

    <p class='ocr_par' dir='ltr' id='par_1_28' title="bbox 95 3264 703 3340">
     <span class='ocr_line' id='line_1_37' title="bbox 95 3264 703 3340; baseline 0.01 -19"><span class='ocrx_word' id='word_1_225' title='bbox 95 3279 152 3323; x_wconf 90' lang='lat' dir='ltr'><strong>nas</strong></span> <span class='ocrx_word' id='word_1_226' title='bbox 167 3264 198 3323; x_wconf 94' lang='lat' dir='ltr'><strong>in</strong></span> <span class='ocrx_word' id='word_1_227' title='bbox 211 3265 292 3324; x_wconf 88' lang='lat' dir='ltr'><strong>bella</strong></span> <span class='ocrx_word' id='word_1_228' title='bbox 306 3266 401 3325; x_wconf 88' lang='lat' dir='ltr'><strong>leram</strong></span> <span class='ocrx_word' id='word_1_229' title='bbox 415 3267 586 3327; x_wconf 90' lang='lat' dir='ltr'><strong>rumoribus</strong></span> <span class='ocrx_word' id='word_1_230' title='bbox 601 3266 703 3340; x_wconf 82' lang='lat' dir='ltr'><strong>urbae,</strong></span> 
     </span>
    </p>

    <p class='ocr_par' dir='ltr' id='par_1_29' title="bbox 95 3346 942 3423">
     <span class='ocr_line' id='line_1_38' title="bbox 95 3346 942 3423; baseline 0.004 -18"><span class='ocrx_word' id='word_1_231' title='bbox 95 3346 236 3423; x_wconf 81' lang='lat' dir='ltr'><strong>idemque</strong></span> <span class='ocrx_word' id='word_1_232' title='bbox 250 3349 368 3409; x_wconf 90' lang='lat' dir='ltr'><strong>animos</strong></span> <span class='ocrx_word' id='word_1_233' title='bbox 383 3350 482 3409; x_wconf 89' lang='lat' dir='ltr'><strong>insani</strong></span> <span class='ocrx_word' id='word_1_234' title='bbox 498 3350 602 3411; x_wconf 85' lang='lat' dir='ltr'><strong>Martis</strong></span> <span class='ocrx_word' id='word_1_235' title='bbox 617 3364 731 3423; x_wconf 92' lang='lat' dir='ltr'><strong>amore,</strong></span> <span class='ocrx_word' id='word_1_236' title='bbox 883 3358 942 3409; x_wconf 76' lang='grc'><strong>550</strong></span> 
     </span>
    </p>
   </div>
   <div class='ocr_carea' id='block_1_3' title="bbox 95 3429 959 3583">
    <p class='ocr_par' dir='ltr' id='par_1_30' title="bbox 95 3429 959 3583">
     <span class='ocr_line' id='line_1_39' title="bbox 95 3429 959 3519; baseline -0.009 -26"><span class='ocrx_word' id='word_1_237' title='bbox 95 3447 141 3507; x_wconf 74' lang='lat' dir='ltr'><strong>que</strong></span> <span class='ocrx_word' id='word_1_238' title='bbox 153 3438 187 3491; x_wconf 92' lang='lat' dir='ltr'><strong>ut</strong></span> <span class='ocrx_word' id='word_1_239' title='bbox 201 3432 314 3495; x_wconf 89' lang='lat' dir='ltr'><strong>auxilio</strong></span> <span class='ocrx_word' id='word_1_240' title='bbox 329 3433 467 3507; x_wconf 86' lang='lat' dir='ltr'><strong>veniant;</strong></span> <span class='ocrx_word' id='word_1_241' title='bbox 492 3451 641 3513; x_wconf 81' lang='lat' dir='ltr'><strong>spargam</strong></span> <span class='ocrx_word' id='word_1_242' title='bbox 654 3450 746 3497; x_wconf 85' lang='lat' dir='ltr'><strong>arma</strong></span> <span class='ocrx_word' id='word_1_243' title='bbox 754 3448 816 3509; x_wconf 81' lang='lat' dir='ltr'><strong>per</strong></span> <span class='ocrx_word' id='word_1_244' title='bbox 827 3429 959 3519; x_wconf 57' lang='lat' dir='ltr'><strong>agros-‘⁸</strong></span> 
     </span>
     <span class='ocr_line' id='line_1_40' title="bbox 95 3527 758 3583; baseline -0.005 -12"><span class='ocrx_word' id='word_1_245' title='bbox 95 3532 175 3574; x_wconf 78' lang='lat' dir='ltr'><strong>rrius.</strong></span> <span class='ocrx_word' id='word_1_246' title='bbox 716 3527 758 3583; x_wconf 65' lang='lat' dir='ltr'><strong>qg</strong></span> 
     </span>
    </p>
   </div>
   <div class='ocr_carea' id='block_1_4' title="bbox 0 0 1169 3780">
    <p class='ocr_par' dir='ltr' id='par_1_31' title="bbox 0 0 1169 3780">
     <span class='ocr_line' id='line_1_41' title="bbox 0 0 1169 3780; baseline 0 0"><span class='ocrx_word' id='word_1_247' title='bbox 0 0 1169 3780; x_wconf 95' lang='lat' dir='ltr'><strong> </strong></span> 
     </span>
    </p>
   </div>
  </div>
 </body>
</html>
