2326 3780
94 186 160 253 sm
367 185 402 248 r.
421 150 586 277 vmmuu
605 184 797 249 unnoms
1086 39 1097 281 ἱ

94 340 174 401 Dum
186 339 328 416 trepidat,
343 339 457 401 fernum
469 330 594 413 auiigae
608 339 762 413 rapuisse
776 338 927 411 Metisci;

95 425 194 499 ldque
209 424 270 496 diu,
286 422 359 483 dum
371 429 458 497 terga
471 420 585 482 dabant
598 423 739 497 palantia
754 424 885 499 Teucri,

97 507 241 578 Suffecit3
263 514 428 582 postquam
443 522 528 565 arma
541 506 590 566 dei
606 507 647 566 ad
661 507 827 567 Vulcania
841 516 974 569 ventum
988 516 1033 579 est

95 592 233 652 Mortalis
248 606 363 664 mucro,
378 590 492 665 glacies
508 605 564 650 ceu
578 580 684 665 futilis,
699 590 768 651 ictu
1021 602 1058 656 ltt

50 691 59 703 ·
95 676 244 749 Dissiluit,
260 676 344 734 fulva
357 675 534 750 resplendet
547 674 686 748 fragmen
701 690 815 735 arena.

95 759 177 835 Ergo
193 775 298 819 amens
314 759 439 818 diversa
453 758 525 832 fuga
538 759 612 833 petit
626 774 770 834 aequora
785 759 926 834 turnus,

95 843 134 904 Et
147 859 228 903 nunc
242 842 311 915 huc,
326 842 398 901 inde
412 841 472 901 huc
486 843 618 902 incertos
633 843 774 917 implicat
790 844 910 904 orbes:

95 926 240 1003 Undique
255 927 336 986 enim
349 926 447 985 densa
460 926 566 985 Teucri
580 927 734 986 inclusere
750 942 889 1002 corona,

95 1011 199 1086 Atque
212 1010 283 1070 hinc
296 1017 385 1070 vasta
398 1011 497 1085 palus,
511 1009 581 1069 hinc
595 1010 692 1069 ardua
706 1012 838 1071 moenia
852 1014 994 1089 cingtmt
1019 1022 1059 1077 'tit
1103 1084 1106 1089 ¹

94 1094 159 1155 Nec
173 1095 273 1154 minus
288 1095 421 1167 Aeneas,
439 1110 622 1168 quamquam
635 1095 780 1154 tardante
797 1098 918 1171 sagitta

95 1178 249 1238 Interdum
264 1193 364 1252 genua
378 1177 548 1252 impediunt
562 1193 748 1253 cmsumque
761 1191 929 1256 recusant,

72 1316 78 1325 .
97 1262 278 1336 Insequitur,
292 1261 468 1337 trepidique
482 1263 593 1337 pedem
608 1263 689 1336 pede
704 1264 852 1325 fervidus
869 1277 998 1342 urguet:

94 1344 249 1404 Inclusum
263 1345 357 1405 veluti
373 1345 400 1404 si
416 1346 538 1421 quando
554 1344 679 1406 flumine
691 1353 806 1407 nactus

95 1428 234 1503 Cervum,
250 1437 302 1489 aut
316 1430 464 1504 puniceae
479 1437 598 1504 septum
612 1430 778 1509 formidine
791 1449 934 1511 pennae,
1018 1445 1059 1499 lit

94 1512 233 1572 Venator
247 1529 339 1573 cursu
353 1514 438 1573 canis
453 1521 483 1573 et
496 1514 653 1574 latratibus
668 1515 778 1584 instat;

94 1594 149 1655 Ille
163 1605 273 1671 autem,
288 1597 408 1657 insidiis
422 1604 452 1657 et
466 1598 534 1673 ripa
547 1599 667 1658 territus
682 1599 751 1672 alta,

94 1679 177 1741 Mille
191 1681 267 1756 fugit
281 1681 452 1755 refugitque
466 1681 542 1756 vias,
558 1688 589 1741 at
601 1683 724 1742 vividus
741 1683 861 1744 Umber

94 1764 208 1823 Haeret
221 1765 320 1837 hians,
336 1765 396 1824 iam
410 1766 532 1840 iamque
545 1772 635 1840 tenet,
651 1767 825 1842 similisque
841 1774 965 1832 tenenti

13 1912 16 1917 ,
94 1847 248 1923 Increpuit
262 1848 358 1922 malis,
374 1865 541 1924 morsuque
554 1850 659 1910 elusus
673 1851 757 1910 inani
771 1860 831 1911 est.
1016 1865 1061 1920 755

94 1931 170 1992 Tum
184 1932 259 1992 vero
275 1926 412 1993 exoritur
425 1933 548 2006 clamor,
562 1933 710 2009 ripaeque
724 1935 881 2010 lacusque

94 2015 292 2090 Responsaut
306 2016 395 2091 circa,
411 2022 441 2076 et
454 2016 574 2077 coelum
585 2024 669 2081 tonat
684 2033 775 2077 omne
788 2020 939 2083 tumultu.

93 2098 149 2158 Ille
164 2100 253 2159 simul
267 2100 386 2174 fugiens
400 2100 530 2160 Rutulos
545 2100 634 2161 simul
649 2102 786 2176 increpat
801 2117 931 2182 omnes,

93 2182 223 2243 Nomine
237 2199 390 2259 quemque
404 2199 530 2258 vocans,
549 2192 715 2261 notumque
729 2185 887 2259 efflagitat
900 2207 1032 2265 ensem;

93 2268 217 2327 Aeneas
232 2274 360 2326 mortom
374 2274 479 2327 contra
492 2284 703 2343 praesensque
718 2270 853 2329 minatur
1017 2286 1064 2342 τω

92 2349 235 2426 Exitium,
250 2352 278 2411 si
292 2351 454 2427 quisquam
468 2352 567 2427 adeat,
580 2358 734 2427 terretque
746 2359 933 2430 trementes,

91 2432 275 2495 Excisurum
292 2434 396 2494 urbem
410 2434 560 2511 trinitans,
575 2442 607 2495 et
619 2437 743 2496 saucius
757 2438 865 2497 instat.

93 2516 234 2592 Quinque
248 2517 340 2577 orbes
355 2520 480 2594 explent
493 2534 593 2595 cursu,
609 2520 799 2594 totidemque
812 2529 966 2589 retexunt

91 2601 160 2660 Huc
174 2600 261 2659 illuc:
283 2617 385 2676 neque
399 2603 479 2662 enim
493 2605 573 2663 levia
586 2611 638 2662 aut
651 2602 767 2664 ludicra
782 2613 934 2680 petuntur

30 2736 33 2743 .
91 2682 238 2756 Praemia,
255 2685 312 2743 sed
325 2688 416 2746 turni
433 2689 472 2747 de
486 2688 548 2747 vita
562 2694 592 2747 et
605 2688 754 2762 sanguine
769 2697 899 2751 certant
1015 2707 1063 2761 765

90 2766 183 2831 Forte
199 2782 287 2827 sacer
300 2768 405 2829 Fauno
421 2770 503 2830 foliis
518 2772 650 2832 oleaster
664 2772 776 2832 amaris

90 2851 150 2913 Hic
166 2858 299 2925 steterat,
315 2855 415 2913 nautis
431 2855 502 2914 olim
516 2855 691 2915 venerabile
705 2856 830 2933 liguum,

92 2935 214 2995 Servati
230 2952 269 2996 ex
283 2937 374 2997 undis
390 2937 441 2997 ubi
455 2939 551 3014 figere
565 2940 646 3000 dona
661 2939 803 3002 solebant

89 3018 233 3080 Laurenti
249 3021 321 3081 divo
336 3027 367 3080 et
381 3029 469 3082 votas
485 3024 676 3099 suspendere
690 3030 811 3095 vestes;

91 3100 157 3161 Sed
172 3105 299 3179 stirpem
312 3104 419 3176 Teucri
434 3108 516 3168 nullo
531 3108 707 3168 discrimine
721 3124 846 3169 sacrum
1010 3125 1063 3181 770

91 3182 293 3262 Sustulerant,
308 3205 386 3263 puro
400 3197 433 3250 ut
447 3198 576 3264 possent
588 3208 772 3253 concurrere
787 3208 913 3271 campo.

89 3264 148 3325 Hic
162 3269 252 3331 hasta
265 3273 390 3334 Aeneae
405 3272 512 3349 stabat,
527 3276 586 3336 huc
601 3278 732 3353 impetus
747 3276 833 3338 illum

90 3344 247 3414 Detulerat
261 3356 355 3415 lixam
369 3365 400 3419 et
412 3360 493 3419 lenta
507 3359 537 3418 in
552 3362 657 3421 radice
671 3360 804 3422 tenebat.

44 3426 230 3544 uncubuit
241 3440 400 3521 voluitque
411 3450 507 3503 manu
517 3445 693 3503 conuellere
704 3445 822 3505 terrum
