2326 3780
352 118 572 182 GEORGICON
591 120 665 183 ΠΒ.
685 124 722 183 Π.

60 275 193 351 Quarum
206 290 296 336 sacra
309 276 374 335 lero
388 275 502 351 ingenti
516 289 684 352 percussus
699 292 812 347 mucre,

57 360 229 436 Accipient,
245 357 386 436 coelique
399 360 467 419 vias
483 367 513 420 et
525 359 630 419 sidera
642 366 819 436 monstrent,

56 445 202 505 Defectus
217 445 293 505 solis
306 444 411 505 varios
425 444 577 520 lunaeque
591 444 725 518 labores,

55 528 146 589 Unde
160 536 274 589 tremor
285 528 384 603 terris,
400 544 464 605 qua
475 528 509 589 vi
521 528 618 589 maria
631 529 692 589 alta
705 535 877 591 tumescant

57 611 213 673 Obiieibus
227 613 325 690 ruptis
338 628 508 688 rursusque
521 612 553 672 in
568 628 603 672 se
616 612 687 689 ipsa
699 614 846 688 residant,
957 619 1011 677 48⁰

57 696 137 769 Quid
150 704 265 758 tantum
278 696 400 759 Oceano
413 703 581 774 properent
593 713 629 757 se
641 698 779 773 tinguere
793 699 878 758 soles

55 779 189 855 Hiberni,
207 783 256 842 vel
270 797 349 857 quae
362 782 460 842 tardis
474 797 561 842 mora
574 781 714 842 noctibus
730 782 840 843 obstet

57 864 119 940 Sin,
134 865 191 926 has
206 882 245 926 ne
259 867 378 942 possim
392 873 519 926 naturae
533 866 683 927 accedere
696 874 810 942 partes,

55 948 194 1025 Frigidus
210 951 360 1011 obstiterit
373 951 488 1011 circium
501 950 685 1027 praecordia
698 952 842 1026 sanguis;

54 1035 136 1094 Rura
149 1035 222 1094 nihi
238 1042 267 1095 et
280 1035 359 1109 rigui
372 1036 515 1112 placeant
527 1035 559 1094 in
571 1036 703 1096 vallibus
717 1050 833 1109 amnes,
958 1040 1010 1097 485

54 1117 191 1178 Flumina
205 1135 305 1179 amem
320 1119 478 1193 silvasque
491 1119 649 1194 inglorius.
679 1118 714 1190 0,
729 1119 781 1178 ubi
795 1120 905 1196 campi,

56 1200 293 1277 Spercheosque
309 1209 339 1261 et
352 1202 522 1277 virginibus
536 1202 686 1263 bacchata
693 1203 845 1265 Lacaenis

55 1285 205 1360 Taygeta!
228 1301 256 1360 o,
272 1285 324 1358 qui
338 1300 387 1343 me
401 1286 513 1359 gelidis
526 1286 558 1344 in
570 1286 703 1345 vallibus
716 1286 824 1348 Haemi

57 1367 159 1441 Sistat,
174 1374 204 1426 et
218 1367 332 1441 ingenti
344 1383 499 1426 ramorum
515 1376 655 1443 protegat
667 1368 791 1429 umbra!

55 1450 151 1520 Felix,
165 1450 217 1524 qui
231 1451 331 1525 potuit
344 1465 445 1509 rarum
460 1465 650 1523 cognoscere
665 1466 804 1526 caussas,
959 1462 1013 1519 tto

56 1535 160 1608 Atque
173 1537 273 1593 metus
288 1548 396 1593 omnes
410 1539 440 1592 et
453 1532 643 1593 inexorabile
657 1535 751 1593 iatum

58 1616 193 1678 Subiecit
207 1613 339 1692 pedibus
355 1617 575 1692 strepitumque
587 1617 772 1678 Acherontis
786 1620 886 1679 avari!

56 1701 239 1762 Fortunatus
254 1708 284 1761 et
297 1701 358 1774 ille,
374 1701 451 1761 deos
468 1701 519 1775 qui
534 1701 620 1761 novit
633 1708 781 1776 agrestes,

56 1786 199 1861 Panaque
216 1784 434 1860 Silvanumque
449 1800 556 1845 senem
568 1785 791 1862 Nymphasque
805 1794 945 1847 sorores!

56 1872 142 1931 lllum
157 1886 217 1931 non
232 1870 339 1946 populi
353 1870 465 1942 fasces,
481 1884 544 1929 non
557 1885 696 1946 purpura
708 1884 815 1945 regum
961 1878 1013 1934 495

56 1955 154 2018 Flexit
174 1961 204 2015 et
216 1955 330 2016 infidos
346 1955 464 2029 agitans
481 1954 638 2014 discordia
653 1955 787 2028 iratres,t

55 2045 118 2102 Aut
132 2042 288 2100 coniurato
308 2038 502 2098 descendens
517 2038 619 2099 Dacus
634 2038 673 2098 ab
685 2039 776 2109 Istro,

55 2125 124 2184 Non
138 2140 188 2183 res
202 2125 361 2184 Romanae
374 2123 570 2198 perituraque
583 2138 694 2197 regum
715 2132 816 2198 neque
830 2123 883 2182 ille

56 2211 118 2268 Aut
132 2207 228 2268 doluit
240 2208 390 2268 uriserans
405 2207 537 2282 inopem,
553 2213 604 2266 aut
616 2207 727 2267 invidit
734 2207 872 2268 habenti.

59 2291 142 2364 Quos
157 2292 233 2350 rami
246 2292 371 2364 fructus,
387 2307 466 2366 quos
481 2292 551 2366 ipsa
563 2292 699 2351 volentia
711 2307 783 2350 rura
959 2300 1012 2354 50⁰

60 2374 177 2449 Sponte
189 2376 285 2434 tulere
299 2391 366 2448 sua,
381 2375 506 2452 carpsit,
520 2390 578 2435 nec
593 2376 693 2435 terrea
706 2376 774 2435 iura

60 2457 267 2532 Insanumque
280 2458 379 2517 lorum
393 2466 443 2519 aut
457 2459 564 2536 populi
577 2458 727 2519 tabidaria
740 2458 826 2519 vidit.

61 2540 232 2602 Sollicitam
246 2541 296 2600 alii
310 2542 402 2602 remis
417 2544 495 2603 irata
508 2558 610 2615 caeca,
624 2550 776 2619 ruuntque

59 2627 94 2685 In
109 2626 229 2699 tanum,
244 2633 404 2701 penetrant
416 2628 502 2688 aulas
517 2635 548 2687 et
561 2628 666 2687 limina
677 2644 801 2705 regum

59 2710 118 2770 llic
130 2710 205 2786 petit
217 2710 345 2770 excidiis
361 2711 466 2771 urbem
479 2712 672 2787 miserosque
683 2712 822 2785 Penates,
961 2720 1012 2773 505

59 2795 100 2856 Ut
112 2809 232 2871 gemma
245 2793 329 2856 bibat
343 2801 373 2855 et
388 2796 520 2856 Sarrano
537 2796 666 2857 dormiat
680 2803 784 2865 ostro;

60 2879 171 2939 Condit
184 2892 262 2955 opes
277 2880 365 2955 allus,
381 2881 572 2956 defossoque
584 2880 708 2941 incubat
722 2894 815 2950 anro;
905 2910 907 2914 ·

59 2964 116 3023 Hic
130 2969 232 3040 stupet
252 2964 396 3025 attonitus
411 2964 547 3034 Rostris;
569 2964 650 3025 hunc
663 2965 791 3041 plausus
805 2963 938 3023 hiantem

58 3048 116 3108 Per
130 3049 444 3123 cuneos-geminatus
459 3048 548 3122 enim,
563 3048 726 3125 plebisque
739 3054 939 3125 patrumque-
1048 3080 1054 3088 -

60 3132 228 3209 cornipeta
249 3132 384 3206 gaudent
397 3132 515 3209 pertusi
530 3134 678 3209 sanguine
692 3135 825 3205 fratrum,
961 3142 1014 3194 510

59 3216 240 3291 Exsilioque
254 3215 365 3277 domos
379 3226 409 3276 et
424 3217 525 3277 dulcia
537 3216 641 3278 limina
654 3224 777 3290 mutant,

61 3302 164 3375 Atque
177 3300 238 3359 atio
254 3301 381 3375 patriam
397 3310 546 3375 quaerunt
559 3301 617 3362 sub
632 3302 699 3362 sole
713 3302 871 3363 iacentem.
919 3370 922 3377 ,

61 3383 207 3459 Agricola
219 3383 348 3445 incurro
361 3391 473 3445 terram
488 3385 615 3447 dimovit
628 3392 746 3447 aratrm
