2326 3780
369 83 373 93 ’
406 130 600 193 nunuoos
620 130 692 191 Lm.
714 134 750 193 n.
991 131 1050 195 775

104 285 289 347 commendo
305 284 409 357 sociis,
430 288 461 342 et
474 297 568 343 curva
581 284 662 343 valle
676 282 828 354 recondo;

104 372 176 445 lpse
188 369 295 431 urbem
307 374 423 443 repeto,
439 373 469 426 et
483 367 588 441 cingor
601 368 786 443 fulgentibus
799 368 908 428 arntisa

105 454 171 514 Stat
185 470 276 513 casus
291 465 441 512 renovare
456 464 571 524 omnes,
587 466 769 528 omnemque
783 454 896 513 reverti
1000 462 1052 517 75⁰

104 537 160 597 Per
173 538 301 611 Troiam,
316 542 347 595 et
359 550 467 595 rursus
483 542 574 610 caput
587 536 740 596 obiectare
753 536 887 611 periclis.

103 620 255 697 Principio
268 634 373 681 muros
389 618 584 693 obscuraque
597 620 701 680 limina
713 626 829 697 portae,

104 705 169 779 Qua
184 721 323 780 gressum
337 704 513 778 extuleram,
529 711 645 779 repeto,
660 714 691 765 et
703 704 834 779 vestigia
846 710 926 763 retro

106 789 274 849 Observata
288 803 403 864 sequor
416 794 606 864 pernoctem
620 797 652 848 et
664 788 776 849 lumine
789 788 900 849 lustro=

103 874 220 932 Horror
232 873 347 949 ubique
362 873 489 946 animos,
506 872 594 931 simul
609 874 678 948 ipsa
692 874 812 934 silentia
826 878 946 933 terrem.
1001 880 1051 937 757

103 958 179 1016 Inde
194 958 325 1029 domum,
340 956 368 1016 si
382 958 459 1016 lorte
474 955 594 1031 pedem,
610 956 637 1017 si
652 958 738 1030 forte,
754 958 882 1031 tulisset,

102 1040 281 1100 Me'reiero=
304 1042 452 1099 irruerant
465 1041 561 1100 Danai
577 1047 607 1100 et
619 1048 731 1102 tectum
745 1056 835 1102 omne
848 1040 999 1100 tenebant.

101 1125 187 1185 Ilicet
201 1125 280 1200 ignis
296 1126 377 1185 edax
391 1140 511 1185 summa
525 1124 565 1183 ad
580 1126 702 1199 lastigie
715 1133 807 1187 vento

102 1209 258 1279 Volvitur;
281 1214 468 1284 exsuperant
481 1208 631 1283 flammae,
646 1210 718 1269 furit
732 1217 834 1270 aestus
850 1208 890 1269 ad
904 1225 1004 1268 auras,

102 1291 239 1353 Procedo
256 1302 285 1352 et
298 1293 407 1352 Priami
421 1293 514 1352 sedes
529 1308 693 1368 arcemque
705 1295 825 1356 revises
999 1300 1055 1357 'ido

101 1378 139 1436 Et
153 1378 212 1437 iarn
228 1377 395 1453 porticibus
410 1376 517 1437 vacuis
531 1378 656 1439 lunonis
670 1378 760 1457 asylo

103 1462 256 1522 Custodes
270 1462 340 1521 lecti
354 1460 491 1521 Phoenix
506 1467 536 1521 et
550 1461 636 1523 dirus
649 1462 756 1523 Ulixes

102 1543 250 1605 Praedam
266 1544 480 1606 asservabant:
503 1544 562 1605 huc
574 1546 712 1620 undique
720 1544 812 1605 Troia
825 1562 903 1621 gaza

101 1630 239 1689 incensis
256 1638 362 1705 erepto
376 1630 488 1705 adytis,
503 1645 690 1704 mensaeque
704 1629 841 1704 deorum,

101 1714 305 1788 Crateresque
319 1730 394 1774 auro
409 1714 509 1788 solidi,
525 1714 707 1790 captivaque
720 1715 816 1774 vestis
1000 1720 1052 1777 765

102 1797 294 1873 congeritur;
316 1798 404 1874 pueri
418 1805 449 1859 el
461 1798 594 1874 pavidae
607 1799 699 1873 longo
715 1799 823 1858 ordine
836 1804 947 1858 matres

102 1881 189 1942 Stant
204 1883 326 1942 circum.

101 1967 207 2026 Ausus
224 1967 295 2041 quin
311 1965 400 2025 etiam
414 1980 509 2024 voces
524 1965 637 2025 iactare
651 1981 708 2041 per
720 1965 866 2040 umbram,

101 2050 228 2124 implevi
244 2051 377 2110 clamore
390 2049 467 2123 vias,
483 2056 680 2123 maestusque
695 2049 842 2109 Credsam

100 2133 314 2208 Nequidquam
322 2133 511 2208 ingeminans
519 2133 688 2207 iterumque
696 2134 990 2207 iterumquevoeavi.
1001 2142 1053 2199 770

101 2216 264 2290 Quaerenti
278 2225 309 2275 et
323 2218 410 2276 tectis
425 2216 511 2277 urbis
527 2218 593 2275 sine
607 2216 668 2275 line
682 2217 801 2290 furenti,
882 2249 885 2255 ·

101 2301 210 2359 lnielix
225 2301 420 2360 simulacrum
434 2308 525 2375 atque
538 2300 636 2375 ipsius
651 2301 759 2360 umbra
771 2301 903 2361 Creiisae

100 2384 178 2444 Visa
193 2385 264 2443 mihi
280 2393 349 2444 ante
366 2384 473 2445 oculos
489 2392 519 2444 et
532 2391 604 2444 nota
617 2384 714 2444 major
728 2384 849 2459 imago-

102 2467 261 2544 Obstupui,
278 2474 485 2543 steteruntque
500 2484 606 2527 comae
621 2475 652 2529 et
665 2483 728 2527 vox
742 2468 880 2529 laticibus
894 2467 1026 2542 haesit-,

98 2552 176 2612 Tum
191 2554 235 2613 sie
251 2552 337 2612 affari
352 2558 382 2611 et
396 2568 486 2612 curas
501 2552 550 2612 his
565 2552 688 2612 demere
703 2552 808 2613 dictis:
1002 2560 1053 2615 777

97 2637 199 2712 „Quid
213 2644 328 2697 tantum
343 2637 452 2696 insano
468 2636 552 2697 iuvat
565 2636 723 2711 indulgere
739 2637 847 2710 dolori,

100 2720 146 2797 „0
162 2722 260 2781 dulcis
276 2722 409 2780 coniux?
429 2733 491 2779 non
504 2720 581 2781 haec
597 2721 664 2780 sine
676 2721 799 2782 numine
813 2720 918 2781 ‹livdm

98 2805 289 2880 ‚,Eveniunt;
311 2820 368 2864 nec
383 2811 412 2864 te
428 2804 567 2864 comitem
582 2804 653 2864 hine
667 2812 790 2879 portare
806 2805 950 2866 Credsam

44 2946 48 2953 .
97 2888 190 2964 „Fas
206 2898 258 2950 aut
271 2889 321 2949 ille
335 2889 407 2950 sinit
422 2891 525 2965 superi
540 2895 685 2964 regnator
700 2886 831 2965 Olympi.

98 2974 286 3049 „Longatibi
299 2974 415 3048 exsilia,
428 2978 458 3032 et
468 2981 588 3033 vastum
596 2973 688 3033 maris
701 2989 818 3048 aequor
829 2971 989 3042 arandum
1002 2979 1054 3035 too

98 3056 157 3131 „Et
170 3064 281 3118 terram
294 3058 476 3132 Hesperiam
489 3059 605 3130 venies,
621 3056 672 3116 ubi
686 3057 804 3133 Lydius
819 3073 894 3115 arva

98 3142 201 3217 „Inter
217 3141 321 3217 opima
333 3142 432 3202 virilm
447 3142 508 3201 leni
524 3142 589 3202 iluit
603 3141 724 3216 agmine
738 3140 880 3218 Thybris.

99 3226 184 3300 „lllic
200 3241 251 3286 res
266 3226 364 3287 laetae
378 3241 568 3302 regnumque
583 3233 613 3285 et
626 3226 712 3299 regia
726 3225 837 3284 coniux

98 3308 210 3385 „Parta
223 3308 293 3370 tibi.
314 3310 455 3370 lacrimas
471 3311 600 3372 dilectae
616 3310 696 3386 pelle
710 3309 859 3369 Creusae

97 3392 186 3468 „Non
202 3410 259 3470 ego
272 3394 503 3473 Myrmidonum
519 3396 616 3459 sedes
628 3395 839 3473 oalopnnne
851 3390 1022 3467 supernas
1033 3386 1099 3443 ‘lie
