2326 3780
122 116 165 181 46
392 113 425 173 Ρ.
445 114 607 175 VlRGlLll
627 111 801 174 MARONIS

122 270 361 331 Eruitz-illae
375 269 468 329 altum
481 267 562 328 nidis
576 267 693 343 petiere
706 267 829 339 relictis,
1023 273 1074 327 llo

122 358 165 416 At
177 354 262 415 rudis
277 354 381 413 enituit
395 352 528 428 impulso
544 367 667 410 vomere
682 366 818 427 campus.

122 439 199 499 Nam
211 438 314 502 ieiuna
329 436 452 512 quidem
467 436 575 497 clivosi
589 437 692 510 glarea
705 437 785 496 ruris

123 523 185 583 Vix
199 522 327 582 humiles
343 521 452 596 apibus
467 521 568 581 casias
582 535 744 596 roremque
758 520 920 591 ministram

122 606 161 669 Et
173 607 286 683 tophus
302 606 411 667 scaber
425 611 454 664 et
467 604 561 679 nigris
577 620 672 665 exesa
686 603 841 683 chelydris
871 634 874 649 ·

59 718 64 727 ·
125 690 212 752 Creta
224 698 337 765 negant
351 691 428 748 alios
443 704 542 763 aeque
557 687 750 765 serpentibus
765 705 857 763 agros
1024 692 1075 745 215

123 775 250 837 Dulcem
266 777 344 833 ferre
359 773 459 832 cibum
474 780 504 832 et
517 788 628 833 curvas
643 772 791 848 praebere
805 772 948 832 latebras.

125 861 209 934 Quae
223 866 344 919 tenuem
359 857 482 917 exhalat
495 856 636 918 nebulam
651 857 813 930 fumosque
826 857 980 930 volucres,

123 945 162 1003 Et
174 944 249 1004 bibit
262 942 420 1002 humorem
435 948 473 1013 et,
490 958 582 1016 quum
596 942 669 1013 vult,
684 957 723 1000 ex
738 957 773 1001 se
787 941 857 1016 ipsa
869 940 1008 1011 remittit,

43 1100 46 1105 ,
125 1028 271 1101 Quaeque
286 1043 343 1087 suo
359 1041 481 1101 semper
494 1025 583 1084 viridi
598 1041 633 1086 se
646 1025 783 1100 gramine
796 1024 894 1098 vestit,

123 1112 186 1171 Nec
202 1111 305 1171 scabie
320 1118 349 1170 et
364 1111 447 1170 salsa
461 1109 553 1168 laedit
565 1109 704 1184 robigine
718 1111 842 1171 terrum:
1024 1114 1074 1167 tto

124 1196 179 1255 llla
192 1194 246 1254 tibi
260 1195 347 1254 laetis
363 1194 476 1253 intexet
490 1194 600 1254 vitibus
614 1194 724 1268 ulmos,

124 1280 179 1340 iiia
193 1280 280 1338 ferax
294 1280 363 1339 oleo
378 1285 433 1351 est,
449 1279 531 1338 iilam
545 1278 705 1353 experiere
719 1278 849 1338 colendo

123 1363 161 1423 Et
176 1363 295 1423 facilem
308 1363 414 1439 pecori
428 1370 459 1423 et
472 1363 634 1438 patientem
647 1363 782 1423 vomeris
796 1361 875 1421 unci.

123 1448 226 1507 Talem
241 1448 329 1508 dives
343 1455 409 1507 arat
423 1448 526 1522 Capua
540 1454 570 1507 et
582 1447 683 1506 vicina
696 1448 821 1506 Vesevo

125 1530 185 1591 Ora
198 1534 279 1606 iugo,
295 1540 324 1592 et
337 1532 443 1591 vacuis
460 1532 581 1591 Clanius
596 1546 657 1591 non
673 1546 789 1606 aequus
804 1530 938 1593 Acerris.
1023 1534 1073 1587 tta

164 1616 260 1689 Nunc,
277 1633 338 1692 quo
354 1632 509 1692 quamque
523 1616 615 1676 modo
631 1614 735 1690 possis
751 1629 949 1688 cognoscere,
966 1613 1073 1673 dicam.

125 1702 206 1763 Rara
220 1700 259 1761 sit
273 1717 312 1760 an
323 1718 418 1777 supra
431 1716 547 1761 morem
561 1700 588 1760 si
604 1700 702 1760 densa
715 1699 867 1774 requires·

122 1787 228 1847 Altera
241 1785 399 1845 frumentis
415 1785 559 1861 quoniam
573 1784 664 1858 lavet,
681 1784 775 1842 altera
788 1783 926 1861 Baccho:

122 1870 227 1931 Densa
240 1869 337 1944 magis
353 1869 463 1942 Cereri,
478 1868 636 1929 rarissima
651 1883 791 1942 quaeque
805 1866 948 1944 Lyaeo-3
1069 1943 1074 1951 ο

121 1955 203 2014 Ante
218 1954 319 2013 locum
334 1952 438 2027 capies
454 1952 561 2025 oculis,
577 1950 699 2024 alteque
713 1949 832 2010 iubebis
1024 1957 1075 2010 aab

123 2038 157 2097 ln
172 2037 273 2097 solido
288 2042 412 2110 puteum
427 2033 549 2109 demitti,
566 2049 748 2109 omnemque
762 2049 896 2110 repones

122 2120 241 2180 Rurs'us
256 2119 379 2177 humum
393 2118 568 2194 etpedibus
585 2134 719 2179 summas
734 2120 882 2195 aequabis
898 2136 1019 2180 arenas.

124 2203 157 2263 Si
173 2204 308 2274 dcerunt,
324 2218 432 2276 rarum,
447 2204 615 2279 pecorique
629 2209 659 2262 et
672 2202 786 2263 vitibus
800 2204 888 2263 almis

122 2287 233 2363 Aptius
246 2285 323 2345 uber
337 2286 409 2357 erit3
432 2287 480 2346 sin
494 2288 525 2346 in
540 2304 598 2349 sua
611 2302 707 2362 posse
722 2285 877 2362 negabunt
903 2334 906 2341 ,

123 2372 171 2430 ire
186 2371 254 2429 loca
268 2377 298 2429 et
312 2371 475 2449 scrobibus
488 2372 647 2447 superabit
660 2377 741 2430 terra
754 2364 888 2445 repletis,
1024 2374 1075 2432 135

124 2453 252 2529 Spissus
267 2470 354 2533 ager:
376 2455 483 2530 glebas
498 2462 674 2515 cunctantes
689 2470 858 2530 crassaque
871 2462 958 2531 terga

121 2538 285 2613 Exspecta,
308 2546 338 2599 et
352 2540 462 2599 validis
477 2546 588 2599 terram
601 2539 767 2613 proscinde
781 2540 928 2599 iuvencis.

123 2621 214 2683 Salsa
228 2631 328 2683 autem
342 2624 431 2683 tellus
447 2629 477 2683 et
491 2639 571 2698 quae
584 2622 760 2698 perhibetur
774 2628 902 2682 amara-'

121 2706 272 2782 Frugibus
288 2706 394 2766 infelix
408 2721 446 2766 ea
459 2721 516 2766 nec
532 2706 717 2767 mansuescit
731 2707 856 2782 arando,

121 2792 185 2852 Noc
198 2791 320 2851 Baccho
335 2805 434 2865 genus
448 2796 500 2850 aut
513 2791 614 2866 pomis
629 2806 687 2875 sua
700 2791 824 2869 nomina
840 2796 964 2851 servat·
1023 2796 1076 2855 24⁰

121 2878 194 2936 Tale
208 2874 293 2934 dabit
306 2873 478 2949 specimem
500 2875 545 2935 Tu
560 2874 664 2950 spisso
679 2874 792 2935 vimine
806 2874 916 2950 qualos
975 2928 978 2933 .

61 2992 67 3003 ·
122 2960 257 3034 colaque
266 2959 442 3037 piaclorum
456 2958 585 3020 fumosis
599 2959 712 3034 deripe
719 2958 825 3028 tectis;

120 3043 188 3103 Ilue
202 3057 276 3118 ager
290 3042 340 3101 iiio
354 3042 452 3103 malus
468 3043 637 3120 dulcesque
651 3060 670 3103 a
684 3042 819 3103 lontibus
833 3042 936 3105 undae

120 3126 173 3187 Ad
186 3127 310 3200 plenum
324 3128 493 3187 calcentur:
514 3144 596 3204 aqua
609 3128 789 3189 eluctabitur
800 3127 900 3187 omnis
1054 3124 1059 3131 ’

122 3209 253 3284 Scilicet,
270 3218 299 3272 et
312 3211 446 3286 mandes
460 3211 545 3272 ibunt
558 3227 615 3288 per
627 3212 742 3273 vimina
754 3217 872 3286 guttae,
1023 3214 1075 3275 ut

89 3354 98 3375 ,
121 3295 163 3355 At
177 3310 272 3370 sapor
285 3295 429 3356 indicium
443 3296 541 3373 faciet,
556 3298 736 3359 manifestus
749 3304 780 3357 et
793 3310 849 3356 ora

122 3379 233 3441 nistra
245 3386 411 3441 tentantum
425 3396 523 3443 seusu
533 3382 687 3460 torquebit
699 3396 827 3443 aaaron
