2340 4296
408 124 602 184 nuuutoos
629 126 697 183 tut.
722 126 769 182 Xl.
1008 127 1068 187 313

108 283 253 353 ,.,‚:lliii:i‚
272 279 321 335 tibi
339 278 425 349 hunc,
443 293 598 336 nemorum
615 280 731 339 cultrix,
751 280 874 336 latonia
892 280 985 349 uirgo,

109 370 227 440 „.,l[›se
243 372 328 438 [tator
344 364 484 421 t'annilam
500 377 617 431 vovoo;
641 370 693 421 tua
708 366 805 437 prima
820 380 874 437 per
890 382 980 421 auras

109 501 127 527 ‚,
139 452 229 519 „Tela
245 458 350 507 tenens
367 448 499 521 supplex
514 446 633 506 hostem
650 449 738 521 l'ugit:
760 449 875 523 accipe,
892 456 994 519 testor,

109 536 236 611 „„Diva
252 543 340 603 tuam,
358 548 437 606 quae
453 547 533 591 nunc
549 531 649 591 dubiis
666 533 858 591 committitur
872 534 984 591 auris.“
1018 541 1069 593 560

108 620 221 695 „Dixit
240 624 271 678 et
284 616 418 678 adducto
434 623 605 678 oontorttuu
618 616 729 677 hastile
743 617 858 679 lacerto

108 702 277 779 „Immittia
300 714 434 763 sonuere
448 700 567 773 undaeq
589 701 731 777 rapidam
744 716 841 779 super
854 715 975 761 munem

108 788 239 866 „infelix
254 786 330 861 rugit
342 785 374 845 in
387 784 488 845 iaculo
503 784 650 847 stridente
665 784 800 847 Camilla.

107 876 171 947 „At
184 870 334 947 Metabus,
347 885 459 945 magna
471 870 601 947 propius
615 871 676 931 iarn
690 877 817 947 urgento
831 876 964 943 eaoerva,

108 959 189 1031 „liat
202 970 273 1017 sese
287 953 392 1029 fluvio,
407 960 500 1030 atquo
513 954 634 1016 hastam
647 971 717 1017 cum
729 955 850 1031 virgine
863 955 962 1017 victor
1008 962 1068 1017 boo

109 1040 291 1116 „Gramineo
307 1040 421 1101 donum
433 1039 553 1100 Triviae
567 1040 608 1101 de
622 1042 739 1117 cespite
753 1040 848 1101 vellit.

108 1124 294 1201 „nonnum
308 1124 397 1185 tectis
410 1124 500 1199 ullae,
515 1141 577 1185 non
591 1126 753 1188 moenibus
767 1125 862 1187 urbes

108 1212 297 1286 „Accepere
313 1222 414 1283 neque
427 1208 496 1282 ipse
509 1224 619 1269 manus
634 1212 753 1270 feritate
768 1210 921 1281 dedisset;

108 1293 290 1367 „Pastorum
304 1298 335 1351 ot
348 1292 425 1352 solis
440 1292 542 1365 exegit
554 1293 709 1354 montibus
723 1308 844 1354 aevum.

108 1378 187 1452 „Hic
201 1383 302 1437 natam
316 1376 348 1435 in
362 1374 463 1435 dumis
478 1375 617 1451 interque
631 1376 787 1436 horrentia
800 1378 896 1437 lustra
1017 1386 1070 1441 oto

107 1459 314 1539 „Armentalis
328 1473 428 1534 oquae
441 1458 581 1519 mammis
596 1466 627 1520 et
641 1460 719 1519 lacte
733 1460 831 1520 lerino

108 1542 275 1621 „lllutribat
289 1543 403 1603 teneris
417 1542 598 1617 immulgens
612 1542 708 1605 ubera
722 1543 826 1603 labris.

108 1629 231 1707 „thue
245 1627 359 1704 pedum
373 1626 481 1703 prinus
496 1626 598 1687 intans
609 1628 741 1703 vestigia
755 1628 868 1704 plantis

109 1712 290 1790 „institerat
305 1711 405 1773 iaculo
420 1712 540 1787 palmia
554 1712 684 1772 armavit
696 1720 798 1786 acuto,

108 1796 317 1874 „Spiculaque
331 1811 371 1857 ex
384 1794 512 1857 humero
528 1812 644 1872 parvae
658 1796 821 1873 suspendit
835 1804 867 1859 et
879 1811 992 1857 arcum.
1017 1802 1069 1859 ott

109 1882 187 1959 „Pro
203 1882 308 1943 crinali
321 1897 407 1954 auro,
424 1894 481 1958 pro
497 1882 609 1957 longae
621 1882 754 1958 tegrmm
768 1882 878 1959 palme,

92 1966 260 2042 „Tigridis
274 1966 404 2027 exuviae
418 1981 475 2042 pei·
488 1966 616 2027 dorsum
629 1982 650 2027 a
664 1966 778 2027 vertice
791 1966 936 2043 pendent.

109 2050 203 2128 „Tela
215 2068 308 2113 manu
321 2051 382 2111 iam
395 2057 459 2112 tum
471 2058 579 2113 tenera
593 2051 722 2127 puerilia
734 2052 831 2125 torsit,
922 2054 928 2065 '

108 2136 166 2209 „Et
180 2136 306 2197 lundam
319 2135 405 2197 tereti
420 2136 534 2197 circum
548 2142 642 2212 caput
654 2137 716 2211 egit
730 2134 859 2211 habena,

109 2218 397 2296 „Strymoniamque
410 2235 518 2296 gruem
532 2226 586 2281 aut
599 2220 701 2282 album
716 2220 828 2281 deiecit
840 2220 968 2281 olorem.
1016 2226 1070 2281 otto

108 2304 241 2381 „Multae
255 2305 337 2365 illam
352 2306 466 2367 lnistra
478 2304 637 2381 Tyrrhena
651 2320 708 2382 per
722 2305 840 2381 oppida
852 2310 964 2365 matres

107 2386 280 2465 „Optavere
294 2404 418 2461 nurum;
441 2390 510 2451 sola
524 2396 668 2450 contenta
681 2390 779 2451 Diana

108 2472 294 2549 ‚,Aeternum
307 2473 438 2535 talorum
452 2479 482 2533 et
496 2474 678 2550 virginitatis
693 2488 830 2535 amorem

107 2558 309 2636 „intemerata
323 2556 405 2617 colit
432 2556 552 2619 Vellem
566 2558 650 2621 haud
664 2565 806 2636 correpta
819 2559 930 2620 luisset

107 2640 309 2719 „Mitibatali
324 2648 437 2703 conata
449 2642 606 2704 lacessere
619 2644 770 2705 Teucros=
1017 2648 1068 2702 585

107 2724 207 2802 „cara
220 2724 293 2786 milii
308 2726 514 2803 comitumque
529 2728 609 2789 toret
621 2744 703 2789 nunc
716 2745 778 2790 una
791 2744 938 2789 mearum.

106 2810 244 2887 „Verum
257 2826 324 2887 age,
340 2812 591 2887 quandoquidem
606 2814 676 2875 latis
689 2820 836 2889 urguetur
849 2810 978 2882 acerbis,

107 2893 253 2971 „Lubere
267 2896 418 2973 Nympha,
433 2897 518 2975 polo,
536 2897 679 2973 finesque
693 2897 795 2959 invise
808 2896 944 2963 Latinos,

107 2978 235 3054 „Tristia
248 2978 302 3041 ubi
316 2980 450 3043 inlausta
465 2981 661 3043 committitur
673 2982 775 3043 omine
789 2994 903 3054 pugna.
1027 3030 1033 3041 .

106 3062 212 3139 „Haec
226 3078 313 3159 cape,
329 3072 359 3127 et
372 3065 510 3127 ultricem
524 3066 668 3142 phareua
682 3066 829 3139 deprome
843 3060 998 3137 sagittam=
1016 3067 1069 3143 φο

107 3146 204 3291 tc
217 3147 950 3307 luattilfftiuutaluln,tau

106 3278 203 3389 Jaeost
216 3328 275 3389 ego
288 3316 371 3377 nube
385 3251 672 3379 cavapmiseiandae
686 3248 801 3403 cogi-[gns
815 3321 846 3377 et
858 3273 950 3375 arma·

106 3396 295 3476 „inspoliata
309 3398 406 3461 teram
420 3402 545 3465 tumulo.
559 3401 743 3480 patriaeque
753 3402 943 3481 renouata-‘⁸
