2326 3780
458 155 766 215 lNTRODUC'I'IO.
1013 156 1075 211 XIII

119 312 236 379 (mense
251 307 418 376 Februario)
433 304 560 363 Clodiam
580 324 713 377 uxorem,
729 324 813 379 quam
827 306 920 363 adhue
935 307 1075 381 vithnem

120 410 188 450 esse
199 392 348 459 dictitabat,
362 391 535 464 repudiavit,
549 408 617 447 mox
629 393 713 447 etiam
727 392 832 448 Galliae
843 390 1000 463 Cisalpinae
1014 392 1074 447 An·

120 478 200 534 tonio
215 475 376 548 erIpiendae
392 476 538 532 consilium
552 477 633 548 oepit.
647 476 763 544 Fulvia,
776 476 806 531 L.
821 475 959 531 Antonius
973 482 1000 533 et
1013 475 1074 531 Ma-

122 563 203 629 nius,
224 576 258 616 ea
272 575 303 616 re
313 561 404 632 magis
418 561 501 615 etiarn
519 560 693 632 exasperati,
714 560 898 615 infestiorem
909 560 969 615 dles
981 560 1074 615 anImo

124 644 276 703 Octaviano
293 644 437 701 adversati
457 650 538 712 sunt,
561 645 642 700 malis
663 644 769 701 artibus
787 644 891 701 civium
904 644 1075 714 militumque

121 730 231 786 animos
250 730 286 785 ab
307 745 343 784 eo
365 728 572 797 abalienarunt,
592 728 714 799 deanue
735 727 907 797 effecerunt,
929 734 957 783 ut
977 728 1023 783 ille
1044 727 1075 782 L.

120 814 243 869 Antonio
259 813 378 883 aliisque
392 812 429 866 bl.
440 812 553 867 Antonii
567 813 665 868 amieis
675 811 759 868 huius
771 813 899 885 legiones
911 812 940 866 in
951 811 1076 868 colonias

121 896 306 954 deducendas
320 896 424 953 cedere
440 904 597 968 cogeretur.
633 896 765 965 Quicum
780 898 809 952 in
823 897 900 969 agris
915 894 1077 953 dividendis

120 984 257 1038 maiorem
265 982 349 1037 etiam
356 980 486 1035 militibus
494 981 683 1038 concederent
693 981 833 1037 licentiam
840 986 868 1037 et
878 981 979 1052 quovis
990 978 1076 1035 modo

120 1066 174 1123 illis
195 1065 433 1139 gratificarentur3
455 1064 639 1135 Octavlanus‚
661 1073 805 1134 metuens,
833 1082 885 1133 ne,
912 1064 1077 1121 abalienatis

119 1152 176 1207 lam
198 1166 216 1205 a
236 1166 268 1205 se
290 1150 393 1205 civium
413 1149 528 1217 salmis,
549 1151 632 1205 etiam
650 1151 766 1205 militum
788 1151 885 1206 lavore
901 1147 1078 1203 troudaretur

119 1234 308 1305 omnibusque
322 1234 439 1289 inlestus
454 1238 544 1303 esset,
558 1236 593 1289 ab
608 1234 729 1289 instituto
742 1250 794 1289 suo
806 1250 863 1289 non
874 1232 942 1288 nibil
952 1230 1076 1287 deflexit.

120 1318 238 1375 Senatui
253 1318 337 1391 igitur
357 1320 454 1373 lavere
474 1318 582 1388 coepit,
604 1318 762 1389 edixitque,
781 1334 818 1373 ne
838 1318 968 1373 militibus
983 1315 1077 1371 trade-

121 1392 217 1457 rentur
231 1408 394 1457 aenatorum
408 1401 479 1471 agrl,
493 1416 586 1469 neque
601 1417 672 1471 quos
686 1402 818 1456 mulieres
833 1400 906 1457 dotIs
917 1402 980 1457 loco
995 1416 1077 1455 aoce-

122 1485 249 1555 plssent,
277 1498 370 1552 neque
393 1484 440 1551 qui
460 1483 585 1537 minores
606 1489 715 1552 essent,
737 1499 821 1553 quam
835 1490 865 1539 ut
877 1485 1034 1555 promissae
1049 1484 1079 1537 in

124 1566 254 1638 alngulos
267 1560 369 1621 milites
387 1564 530 1634 quantitati
545 1565 713 1620 sufficerent.
739 1584 769 1622 v.
784 1566 836 1622 Dio
853 1566 931 1623 Cass.
946 1569 964 1623 t.
978 1584 1003 1623 c.
1015 1582 1077 1637 cap.

124 1650 155 1711 8.
177 1648 249 1705 Turn
263 1664 362 1704 menae
375 1648 444 1703 Iulio
459 1647 576 1703 Galliam
591 1647 760 1719 Cisalpinam
781 1650 810 1704 ln
824 1650 952 1705 fraudem
965 1649 1079 1704 Antonii

123 1734 163 1791 ad
174 1734 269 1789 ltaliae
281 1734 488 1806 praefecturam
500 1733 599 1803 retulit,
614 1733 828 1803 mandavitque,
842 1732 953 1803 nequis
966 1731 1080 1787 Antonii

124 1819 183 1875 dux
198 1818 227 1873 In
242 1833 276 1874 ea
291 1816 426 1888 regione,
442 1817 503 1873 eius
519 1816 722 1889 gunemandse
735 1818 848 1888 specie,
863 1817 1014 1873 exercitum
1027 1814 1079 1871 ha·

122 1906 212 1960 beret.
257 1920 285 1960 v.
307 1901 359 1957 Dio
383 1898 462 1957 Cass.
483 1902 501 1956 l.
522 1918 546 1956 c.
565 1918 627 1973 cap.
650 1899 716 1970 12„
742 1901 865 1973 Appian.
880 1900 915 1955 V.
929 1897 960 1960 8.
976 1906 1003 1955 et
1018 1899 1079 1969 22„

123 1987 232 2061 spano.
247 1987 265 2042 l.
281 2002 305 2043 c.
319 2002 348 2058 p.
362 1980 413 2045 84.
428 2001 507 2056 sqq,
521 1985 671 2041 Drumann.
686 1986 704 2041 t
722 2001 746 2041 c.
760 2003 789 2057 p.
803 1982 876 2045 396.
891 2000 953 2055 sqq.
976 1983 1079 2052 Quam·

124 2074 168 2128 vis
189 2087 261 2130 vero
283 2071 344 2127 eiua
365 2071 407 2125 rei
428 2070 609 2126 excusandae
631 2078 714 2140 atque
730 2070 837 2141 gratiae
854 2068 1079 2125 reconciliandae

121 2172 212 2213 eausa
230 2156 261 2211 L.
284 2154 433 2211 Cocceium
454 2154 576 2211 Nervam
590 2153 628 2210 ad
640 2154 678 2209 Μ.
692 2153 844 2209 Antonium
865 2154 1005 2221 misisset3
1032 2168 1080 2207 res

123 2248 219 2297 mmen
233 2256 268 2297 eo
283 2239 412 2307 devenit,
427 2244 457 2293 ut
469 2238 569 2296 Fulvia
583 2244 611 2295 et
623 2240 654 2294 L.
668 2238 806 2294 Antonius
821 2238 924 2293 bellum
938 2240 1080 2308 pararent,

124 2324 202 2396 quod
222 2328 372 2379 auctumno
400 2329 519 2379 exeunte
547 2324 622 2378 cirea
644 2323 790 2377 Perusiam
818 2322 939 2377 maxime
967 2320 1079 2377 exarsit

124 2409 290 2479 Priusquam
300 2405 373 2463 haec
383 2405 492 2475 fierent,
508 2406 677 2465 Octavianus
688 2407 744 2462 iam
759 2422 848 2463 verno
859 2412 986 2477 tempore
1000 2410 1079 2461 rete-

125 2507 259 2548 ranorum
272 2507 387 2546 manum
402 2492 430 2545 in
444 2490 561 2547 Galliam
574 2490 806 2563 Transpadanam
820 2490 949 2559 miserat,
971 2489 1018 2559 qui
1034 2504 1080 2543 ur·

125 2577 169 2631 bis
184 2573 340 2632 Cremonae
356 2591 442 2647 agros
457 2581 635 2647 occuparent
666 2592 695 2631 v.
707 2572 825 2632 Servius
839 2572 952 2629 aulici.
967 2572 1015 2627 IX.
1029 2570 1079 2633 28.

125 2666 154 2716 et
173 2660 309 2731 Pompon.
337 2657 403 2715 Sab.
424 2661 464 2715 od
481 2659 542 2715 Eoi.
563 2658 609 2714 IX.
631 2658 682 2719 29.
716 2657 775 2715 Sed
796 2674 860 2713 cum
875 2655 1080 2714 Cremonenses

126 2745 189 2817 agri
210 2760 267 2800 non
289 2742 484 2813 suffecissent,
511 2744 613 2800 milites
633 2744 717 2799 etiam
736 2743 846 2799 viciuos
868 2740 999 2797 Illantuae
1019 2739 1080 2795 An·

123 2828 261 2901 diumque
283 2844 368 2901 agros
388 2828 552 2885 invaserunt
572 2825 645 2902 [Eoi.
666 2826 713 2883 III.
728 2825 794 2895 28..
816 2826 914 2898 Ceorp.
931 2825 964 2881 II.
987 2820 1080 2899 teat,

124 2928 220 2983 eoque
240 2917 367 2985 tempore
388 2912 472 2968 etlam
486 2911 605 2984 VirgiIIo
627 2926 728 2984 agrum
749 2926 830 2966 suum
844 2926 862 2965 a
877 2908 992 2965 Claudio
1010 2924 1080 2979 quo·

127 2994 194 3052 dam
211 3002 338 3069 ereptum
352 3013 432 3066 esse,
454 2997 620 3069 interpretes
635 3012 671 3052 ex
689 2994 797 3051 Donato
819 3000 845 3061 s.
859 2991 910 3053 95.
931 2996 959 3049 et
978 2990 1079 3052 Servio

126 3080 146 3136 l.
160 3093 186 3135 c.
197 3082 377 3155 collegerunt
398 3077 457 3137 Sed
469 3080 574 3137 Incerta
585 3086 650 3136 aunt
658 3079 816 3137 testimonia
826 3078 1080 3150 grammaticorum,

128 3164 176 3236 qui
191 3166 332 3237 sequentia
355 3166 420 3221 anni
441 3165 617 3222 invasionem
637 3182 655 3222 a
676 3165 807 3221 militibus
827 3164 928 3219 laetam
948 3178 1012 3219 cum
1025 3162 1081 3217 hac

126 3250 223 3323 priore
237 3249 398 3305 condidisse
411 3248 559 3319 videntum
573 3257 657 3322 atque
671 3266 708 3305 ex
722 3249 823 3319 ecloga
835 3247 942 3319 prima,
970 3244 1080 3318 vngttti

126 3350 228 3405 agrum
242 3332 297 3389 hoe
311 3341 437 3407 tempore
451 3340 594 3392 servatum
608 3350 691 3401 ease,
705 3323 840 3403 coIIIgere
855 3332 927 3389 licet.
969 3329 1010 3387 ct.
1023 3328 1080 3385 Ilo-

128 3424 184 3473 nst.
200 3424 226 3487 s.
240 3416 291 3478 86.
306 3418 416 3475 EtenIm
428 3419 543 3477 Asinius
557 3419 662 3488 Pollio,
687 3416 735 3488 qui
750 3417 903 3474 etiamnum
912 3415 957 3473 illi
965 3410 1089 3489 prauita-
