2326 3780
99 189 143 253 40
373 182 405 241 P.
426 179 588 241 VlRGlLlI
607 175 783 239 Muttonis

99 343 163 401 lam
177 337 297 414 pridem
310 334 400 395 nobis
416 332 494 393 coeli
508 339 538 392 te
552 330 646 405 regia,
662 329 784 402 Caesar,

99 423 226 495 Invidet,
243 429 335 496 atque
349 419 506 479 hominum
521 416 655 490 queritur
669 429 776 475 curare
789 413 979 491 triumphose

100 508 219 583 Quippe
232 505 284 567 ubi
301 506 348 565 las
361 518 486 563 versum
500 509 592 577 atque
605 500 703 575 nelas,
717 506 763 561 tot
774 500 858 561 bella
870 514 928 575 per
939 498 1056 573 orbem,

8 664 13 671 ,
98 593 172 652 Tam
185 590 297 651 multae
312 590 462 650 scelerum
477 586 588 656 lacies3
611 600 673 647 non
686 585 768 646 ullus
781 590 882 648 aratro
1005 591 1057 647 506

98 677 216 752 Dignus
229 675 340 748 honos,
357 672 499 747 squalent
514 670 652 731 abductis
668 685 745 729 arva
757 669 887 743 colonis,

98 762 137 823 lu
150 776 264 821 curvae
277 759 409 835 rigidum
422 756 518 815 falces
533 752 705 815 conflantur
717 755 750 815 in
764 770 887 827 ensem

98 846 176 907 Hinc
189 851 293 906 movet
304 841 485 917 Euphrates,
501 839 584 899 illinc
599 838 762 899 Germania
773 838 902 909 bellum

99 931 227 990 vicinae
240 927 337 1005 ruptis
352 927 430 985 inter
444 939 479 985 se
493 922 611 998 legibus
625 922 719 983 urbes
1005 930 1058 985 510

99 1017 193 1074 Arma
207 1013 321 1082 lemnt3
345 1010 443 1071 saevit
456 1013 520 1068 toto
535 1007 618 1067 Mars
636 1007 748 1083 impius
764 1007 848 1083 orbe,

99 1098 139 1159 Ut
154 1113 248 1173 quum
263 1093 437 1156 carceribus
453 1107 525 1153 sese
540 1089 677 1151 effudere
692 1091 869 1166 quadrigae,

99 1174 227 1243 Addunt
240 1180 271 1239 in
287 1179 395 1255 spatia,
412 1184 450 1251 et,
465 1176 578 1237 trustra
591 1174 758 1237 retinacula
771 1176 910 1247 tendens,

100 1268 205 1328 Fertur
219 1263 308 1340 aquis
323 1263 438 1337 auriga,
452 1274 553 1335 neque
568 1259 651 1320 audit
666 1274 773 1327 currus
788 1259 936 1321 habenas.

344 1527 374 1591 r.
408 1522 596 1588 vrnmmr
627 1519 808 1588 ulnoms

203 1643 234 1740 G
291 1645 321 1738 E
383 1644 411 1738 (l
472 1644 509 1737 lt
569 1642 600 1736 G
658 1643 675 1735 l
735 1642 765 1734 C
826 1639 856 1735 0
916 1638 947 1732 Ν

361 1792 498 1855 LIBER
529 1791 789 1853 SECUNDUS.

98 1938 252 1999 Hactenus
269 1953 411 1999 arvorum
426 1939 523 1999 cultus
539 1945 569 1999 et
583 1938 687 1998 sidera
701 1937 794 2007 coeli3

98 2022 238 2093 Nuntia,
253 2021 385 2093 Bacche,
401 2035 517 2093 canan,
533 2037 591 2081 nec
605 2036 668 2081 non
682 2019 836 2081 silvestria
848 2025 951 2081 tecum

98 2106 238 2180 Virgulta
252 2110 282 2163 et
295 2104 414 2179 prolem
427 2105 515 2165 tarde
530 2105 696 2167 crescentis
712 2106 821 2167 olivae.
934 2102 946 2117 “

98 2189 174 2261 Huc,
191 2194 278 2264 pater
292 2203 310 2247 o
325 2188 521 2249 Lenaee-tuis
536 2189 586 2251 hic
601 2190 704 2251 omnia
717 2191 810 2266 plena

98 2271 285 2343 Muneribus,
300 2270 353 2331 tibi
367 2272 531 2349 pampineo
546 2275 692 2350 gravidus
707 2280 869 2335 auctumno
983 2302 986 2307 -
1039 2286 1058 2341 5

97 2357 200 2417 Floret
213 2371 294 2430 ager,
311 2362 431 2432 spumat
444 2359 544 2434 plenis
557 2360 712 2421 vindemia
727 2357 845 2427 labris,

97 2441 174 2514 Huc,
190 2446 277 2516 pater
292 2455 310 2500 o
324 2441 454 2518 Lenaee,
469 2444 549 2520 veni,
564 2445 739 2518 nudataque
752 2447 853 2502 musto

96 2524 211 2600 lingue
226 2539 307 2587 novo
321 2542 441 2588 mecum
456 2527 581 2604 direptis
596 2543 686 2589 crura
700 2524 865 2587 cothurnis.

139 2608 291 2685 Principio
306 2611 467 2672 arboribus
482 2612 568 2671 varia
582 2618 629 2672 est
642 2618 750 2673 natura
764 2607 917 2670 creandis.

97 2694 234 2768 Namque
249 2694 336 2769 aliae,
351 2695 442 2757 nullis
456 2695 613 2757 hominnm
628 2694 816 2770 cogentibus,
832 2693 920 2768 ipsae
1023 2707 1061 2760 10

99 2777 216 2855 Sponte
231 2795 287 2839 sua
302 2779 435 2852 veniunt,
451 2794 642 2855 camposque
657 2786 687 2840 et
700 2778 826 2841 flumina
840 2778 900 2837 late

99 2862 198 2925 Curva
211 2870 323 2934 tenent,
339 2870 372 2923 ut
385 2863 477 2923 molle
492 2864 565 2925 siler
579 2864 739 2940 lentaeque
753 2867 909 2939 genestae,

96 2946 232 3022 Populus
248 2953 278 3008 et
291 2948 400 3025 glauca
414 2946 554 3007 canentia
568 2948 677 3010 lronde
691 2948 815 3018 salicta;

96 3029 170 3090 Pars
186 3037 286 3091 autem
300 3028 402 3105 posito
419 3039 546 3106 surgunt
560 3033 599 3092 de
613 3032 739 3106 semine,
754 3037 788 3093 ut
802 3033 881 3093 altae

98 3113 274 3189 Castaneae,
290 3129 512 3190 nemorumque
524 3117 590 3177 lovi
606 3133 686 3192 quae
700 3117 833 3178 maxima
847 3114 972 3178 trondet
1024 3128 1059 3183 16

96 3199 258 3273 Aesculus,
273 3197 500 3274 atquebabitac
515 3201 613 3263 Graiis
629 3202 753 3263 oracula
768 3215 910 3276 quercus.

96 3281 225 3343 Pullulat
239 3281 277 3343 ab
292 3283 397 3344 radice
410 3285 477 3345 aliis
494 3285 679 3349 densissima
693 3286 781 3357 silva,

96 3365 136 3424 Ut
149 3366 265 3426 cerasis
280 3367 448 3445 ulmisque;
471 3370 561 3433 etiam
573 3370 720 3431 Parnasia
733 3370 844 3431 laurus·

94 3447 194 3511 Parva
208 3451 265 3511 snb
280 3451 393 3527 ingenti
408 3454 512 3516 matris
527 3471 562 3515 se
577 3454 698 3515 subiicit
713 3451 828 3525 umbra.
