2340 4296
242 626 309 691 24⁰
524 622 558 683 P.
579 622 739 686 vttrutttl
758 620 935 685 mahts

243 779 363 855 „Elisos
378 776 486 837 oculos
500 782 531 837 et
543 776 659 837 siecum
674 772 823 849 sanguine
835 782 948 849 guuur.

242 862 405 937 „Panditur
416 860 570 937 extemplo
584 858 701 919 loribus
715 858 825 918 domus
840 865 906 921 atra
919 862 1072 939 revulsis,

243 945 505 1020 „Abstraclueque
520 944 617 1005 boves
631 940 849 1017 abiurataeque
863 944 993 1019 rupinae

264 1030 355 1090 Coelo
370 1030 578 1100 ostenduntur,
593 1026 786 1103 pedibusque
800 1026 928 1086 informe
943 1029 1090 1091 cadaver

242 1113 458 1175 Protrahitur.
492 1112 652 1188 Nequeunt
665 1109 783 1185 expleri
798 1110 894 1171 corda
906 1114 1028 1173 tuendo

243 1198 422 1273 ‚horribiles
437 1198 554 1269 oeulos,
569 1196 682 1255 vultum
697 1195 868 1270 uillosaque
880 1195 957 1255 setis

242 1282 389 1357 „Pectora
402 1280 545 1353 semiferi,
560 1288 653 1355 atque
667 1278 835 1339 exstinctos
851 1278 991 1341 laueibus
1009 1282 1120 1358 ignes.

243 1366 309 1441 „Ex
323 1366 375 1425 illo
390 1363 561 1424 celebratus
575 1363 685 1434 honos,
699 1364 832 1437 laetique
846 1364 981 1424 rmnores

243 1448 435 1525 „Servavere
450 1448 548 1517 diem3
571 1448 749 1521 primusque
762 1446 887 1507 Potitius
902 1456 1022 1523 auctor,

242 1534 299 1609 „lit
312 1532 422 1592 domus
436 1530 577 1590 Herculei
592 1538 696 1591 eustos
709 1530 830 1590 Pinaria
843 1532 923 1591 sacri

242 1616 347 1693 „Hane
362 1630 445 1674 aram
459 1614 528 1673 lucu
544 1614 654 1689 statuit,
670 1630 749 1691 quae
763 1614 895 1675 Maxima
908 1630 1039 1692 semper

242 1700 385 1775 „Dicetur
398 1696 497 1771 nobis,
512 1699 612 1759 eterit
626 1714 705 1775 quae
720 1700 851 1759 unanima
865 1714 999 1775 semper.

241 1783 362 1859 „Quare
376 1782 465 1857 agite,
481 1797 500 1842 o
514 1783 651 1855 iuvenes,
667 1790 815 1843 maman
829 1784 859 1843 in
873 1799 1001 1845 arunere
1015 1786 1156 1853 laudum

241 1868 378 1943 „einglte
393 1867 502 1928 lronde
515 1882 622 1927 eomas
636 1875 667 1928 et
680 1868 791 1941 poeula
804 1868 923 1943 porgite
937 1868 1073 1947 dextris,

242 1952 519 2027 „Communemque
531 1959 638 2011 vocate
649 1952 750 2021 domn,
762 1958 793 2010 et
803 1952 1145 2019 daterinavolentes.‘·
1168 1979 1170 1982 ⁴

242 2036 375 2108 Dixerat,
391 2036 539 2095 Herculea
552 2034 670 2095 bieolor
684 2051 776 2109 quum
791 2037 923 2111 populus
937 2036 1053 2099 umbra

242 2122 424 2194 velavitque
438 2134 542 2179 cennas
557 2119 699 2193 loliisque
713 2119 825 2179 innexa
838 2120 993 2195 pependit,

206 2271 211 2282 Ι
240 2204 280 2264 Et
293 2220 381 2264 sacer
395 2205 531 2279 implevit
545 2204 683 2263 dextram
698 2203 846 2279 scyphus.
882 2202 973 2265 Ocius
988 2222 1108 2273 onmes

242 2284 425 2348 inmensam
441 2288 509 2348 laeti
525 2287 627 2358 libant,
643 2287 795 2361 divosque
809 2298 980 2362 precantur.

282 2374 408 2432 Devexo
424 2372 539 2431 interea
553 2372 680 2447 propior
693 2371 727 2432 ht
742 2372 1020 2449 Vesperblympo,

241 2456 366 2531 lamque
381 2456 558 2516 sacerdotes
573 2456 750 2529 primusque
764 2456 889 2516 Potitius
903 2456 995 2528 ibant,

241 2540 372 2600 Pellibus
386 2542 417 2599 in
431 2556 547 2601 morem
561 2540 659 2610 cincti,
675 2540 876 2616 llarrrnmsque
891 2540 1043 2604 serebant.

242 2625 412 2685 instaurant
426 2624 544 2699 epulas,
559 2632 590 2685 et
603 2640 727 2685 ntensae
741 2632 827 2699 grata
841 2624 998 2686 secundae

241 2709 329 2768 llona
344 2710 451 2779 lerunt,
467 2710 682 2783 cumulantque
696 2710 829 2770 oneratis
844 2709 983 2769 tenuibus
996 2725 1088 2777 aras.

211 2860 217 2873 ,
239 2792 314 2851 Tum
329 2792 402 2853 Salii
417 2794 458 2852 ad
473 2802 580 2854 cantus
595 2794 720 2853 incensa
734 2794 840 2853 altaria
855 2793 969 2853 circum

240 2875 382 2949 Populeis
397 2878 510 2937 adsunt
523 2878 633 2937 evincti
648 2884 786 2953 tempora
798 2878 900 2949 tarnis,

240 2958 296 3019 liic
311 2960 451 3020 iuvenum
468 2962 589 3034 chorus,
605 2962 655 3020 ille
670 2978 791 3021 senume
813 2962 865 3037 qui
881 2961 1015 3022 comune
1032 2964 1151 3033 laudes

240 3043 405 3103 Herculeas
420 3052 451 3105 et
465 3046 545 3105 iacta
560 3047 672 3105 lerunt=
695 3054 727 3104 ut
742 3045 838 3119 prima
852 3060 1006 3107 nouercae

240 3128 375 3189 hlonstra
389 3145 478 3187 manu
494 3130 696 3203 geminosque
711 3144 853 3203 premens
868 3130 983 3190 eliserit
999 3148 1146 3215 angues,

241 3212 277 3271 Ut
293 3212 371 3272 hello
388 3212 527 3287 egregias
543 3212 623 3273 idem
638 3212 792 3273 disiecerit
806 3214 907 3285 urhes,
1163 3245 1170 3276 -,

238 3296 419 3370 Troiamque
434 3294 678 3371 Oechaliamque,
693 3304 723 3357 et
737 3297 832 3360 duros
847 3298 928 3359 mille
943 3298 1074 3365 labores

239 3382 323 3455 Rege
337 3380 395 3441 sub
409 3380 582 3455 Eurystheo
598 3382 667 3441 latis
681 3382 806 3443 lunonis
822 3382 945 3457 iniquae

237 3464 402 3524 Pertulorit.
438 3463 481 3523 Tu
496 3464 674 3541 nubigenas,
690 3466 810 3538 invicte,
827 3466 1024 3544 bimembres,

237 3548 448 3625 Hylaeumque
461 3546 659 3625 Pholumque,
674 3566 775 3623 aranu,
789 3558 823 3612 tu
838 3552 942 3611 Cresia
955 3564 1083 3623 amotas

236 3630 378 3707 Prodigia
392 3642 421 3693 et
435 3641 554 3694 uastum
569 3634 682 3694 Neurea
696 3634 754 3695 suh
768 3652 844 3711 rupe
859 3637 990 3713 leonem,

236 3714 277 3773 Te
292 3714 390 3791 Stygii
404 3725 552 3777 tremuere
567 3719 662 3791 lacus,
678 3726 708 3779 ta
722 3717 832 3779 ianitor
847 3718 915 3779 Orci

237 3798 316 3858 Ossa
330 3816 424 3873 super
438 3802 589 3862 recubans
603 3810 689 3863 antro
705 3804 838 3863 semiesa
851 3812 988 3865 cruento.
1049 3857 1053 3867 .

235 3880 297 3943 lieo
313 3890 342 3943 te
356 3884 434 3945 ullae
449 3886 553 3960 iacies,
569 3902 630 3947 non
646 3886 749 3947 terruit
762 3888 831 3961 ipse
844 3887 1025 3967 Typhoeus,
