2340 4296
175 558 238 621 180
444 558 476 617 Ρ.
498 558 660 619 VlRGILll
681 556 858 619 Maaoms

174 711 257 771 Mille
271 711 330 771 viis
344 709 489 771 habuisse
505 711 618 785 dolum,
635 728 697 787 qua
711 712 800 786 signa
813 712 966 787 sequendi
1082 722 1131 780 ⁵⁹)

95 792 100 799 '
173 795 303 855 Falleret
317 795 522 871 indeprensus
537 801 568 854 et
581 795 779 855 irremeabilis
794 810 893 856 error:

173 879 262 940 llaud
278 879 338 939 alie
352 877 500 940 Teucrum
516 880 576 938 nati
591 880 721 953 vestigia
735 895 826 940 cursu

173 963 354 1039 Impediunt,
369 971 537 1039 texuntque
552 965 640 1037 iuges
655 971 686 1023 et
699 964 817 1038 proelia
831 964 914 1037 ludo,

173 1047 355 1124 Delphinum
370 1048 495 1119 similes
511 1048 563 1121 qui
578 1063 635 1122 per
648 1048 744 1107 maria
756 1048 881 1109 humida
894 1049 1001 1109 nando

173 1131 365 1208 Carpathium
381 1132 591 1208 Libycumque
605 1138 721 1205 secant,
742 1132 921 1208 [luduntque
935 1148 994 1207 per
1010 1135 1133 1211 undas]

171 1216 259 1278 Hunc
274 1232 389 1276 rnorem
404 1232 512 1275 cursus
527 1224 618 1289 atque
634 1216 710 1275 haec
724 1217 888 1276 certamina
902 1217 1040 1293 primus,
1086 1229 1134 1285 aas

171 1302 334 1373 Ascanius,
350 1301 485 1373 Longam
500 1300 594 1357 trituris
610 1316 702 1374 quum
716 1301 851 1375 cingeret
864 1300 986 1375 Albam,

171 1386 292 1458 Retulit,
307 1392 337 1444 et
353 1385 472 1458 {crisces
488 1384 593 1443 docuit
607 1383 763 1443 celebrare
776 1385 909 1455 Latinos,
959 1432 967 1455 ,

173 1469 238 1542 Quo
253 1484 329 1544 puer
343 1468 411 1542 ipse
427 1467 528 1537 modo,
545 1483 649 1527 secum
664 1485 725 1542 quo
739 1468 829 1528 Thoiu
843 1468 951 1543 pubes.

171 1552 282 1611 Albani
298 1552 430 1611 docuere
446 1566 535 1613 suasa
557 1552 628 1611 hinc
642 1552 775 1611 maxima
789 1569 882 1628 porro
1086 1566 1138 1623 dot

172 1637 301 1711 Accepit
314 1638 411 1695 ltorna
426 1644 456 1695 et
471 1637 599 1711 patrium
614 1637 749 1696 serravit
762 1637 925 1705 honorem3

172 1720 323 1794 Troiaque
338 1736 417 1779 nunc
433 1721 518 1796 pueri
533 1722 694 1780 Troianum
710 1721 819 1780 dicitur
833 1736 951 1795 agmen.

172 1804 237 1863 Hac
252 1804 404 1863 celebrata
418 1813 505 1865 tenus
521 1813 627 1865 sancto
643 1805 808 1864 certamina
821 1806 909 1881 patri.

214 1888 270 1947 Hic
285 1890 413 1964 primum
427 1889 559 1949 Fortuna
574 1890 666 1949 iidem
680 1898 792 1949 titulata
807 1890 942 1949 novavit.

172 1972 250 2033 Dum
265 1974 357 2032 variis
374 1975 485 2033 tunmlo
501 1978 635 2035 relerunt
649 1975 798 2034 solemnia
813 1974 909 2043 ludis;
1087 1988 1136 2043 6⁰5

171 2059 240 2118 lrim
256 2060 294 2119 de
310 2060 396 2119 coelo
412 2060 494 2119 misit
508 2059 649 2119 Saturnia
664 2060 736 2119 luno

171 2145 291 2203 Iliacam
305 2146 347 2206 ad
363 2145 504 2217 classem,
520 2152 691 2217 ventosque
706 2144 843 2218 adspirat
857 2144 947 2215 eunti,

170 2228 264 2289 Multa
278 2245 416 2299 movens,
433 2229 562 2288 necdum
578 2227 733 2300 antiquum
747 2234 880 2287 saturata
896 2228 1052 2292 dolorem.

170 2311 233 2388 llla,
250 2315 328 2372 riam
345 2314 483 2373 celerans
499 2328 554 2385 per
568 2311 649 2370 anille
663 2311 819 2373 coloribus
834 2327 946 2383 arcum

157 2396 247 2457 'Nulli
263 2399 339 2469 visa,
355 2398 414 2458 cito
430 2395 562 2456 decurrit
576 2395 807 2487 tram'nqvirgo.
1085 2412 1138 2473 apo

170 2482 326 2557 Conspicit
341 2481 493 2556 ingentem
507 2494 700 2552 concursum,
716 2488 746 2539 et
761 2481 848 2540 litora
862 2482 979 2551 lustrat,

169 2564 477 2641 Desertosque‘videt
492 2573 597 2640 portus
614 2565 806 2640 classemque
821 2567 965 2624 relictam.

169 2652 210 2710 At
223 2652 328 2724 procul
345 2652 375 2716 in
390 2651 459 2709 solu
473 2655 612 2709 secretae
625 2648 761 2709 Troades
776 2657 843 2708 acta

169 2734 323 2794 Amissum
338 2734 494 2794 Anchisen
510 2731 633 2805 flebant,
651 2742 840 2807 cunctaeque
855 2734 1047 2808 protundum

170 2818 295 2878 Pontum
310 2817 532 2895 adspectabant
545 2818 665 2878 flentes.
700 2819 767 2878 Heu
781 2824 826 2878 tot
839 2818 921 2876 vada
935 2819 1033 2880 lassis
1084 2834 1136 2887 615

167 2901 205 2960 Et
218 2909 332 2961 tantum
347 2917 512 2979 superesse
527 2903 629 2969 tataris,
644 2918 708 2961 vox
722 2902 862 2962 ornnitms
876 2918 945 2961 una

171 2985 281 3067 Urbem
297 2996 397 3047 orant:
421 2986 523 3045 taedet
537 2987 636 3062 pelagi
652 2990 786 3061 perterre
801 2986 946 3046 laborem.

166 3069 247 3145 Ergo
264 3073 340 3131 inter
355 3071 472 3129 irradias
488 3086 559 3130 sese
574 3071 656 3130 haud
671 3071 775 3145 ignara
790 3070 921 3131 nocendi

168 3154 303 3227 coniicit,
319 3162 349 3214 et
363 3156 533 3229 faciemque
550 3155 627 3213 deae
641 3163 821 3231 vestemque
835 3156 970 3230 reponit=

166 3238 213 3299 Fit
226 3239 333 3312 Beroe,
349 3239 458 3297 Tmarii
474 3239 587 3298 coniux
601 3239 752 3313 longaeva
765 3240 898 3315 Dorycli,
1083 3256 1137 3309 520

167 3323 220 3383 Cui
235 3339 332 3399 genus
348 3323 546 3398 ctqnondam
563 3338 672 3382 nomen
688 3324 812 3401 natique
826 3326 970 3392 fuissene

166 3414 212 3467 hc
228 3409 273 3468 sie
288 3399 496 3467 Dardanidum
511 3408 641 3468 mediam
657 3424 691 3468 se
706 3411 850 3469 matribus
866 3408 965 3467 insert.
1121 3482 1124 3487 .

165 3492 211 3567 „0
226 3493 365 3563 miserae,
383 3510 460 3568 quas
476 3509 537 3553 non
553 3500 679 3552 manusu
694 3495 791 3567 inquit
804 3493 960 3566 „Achaica
973 3490 1062 3555 bello

166 3576 322 3649 „Traxerit
336 3577 376 3635 ad
392 3578 482 3637 letum
498 3578 615 3652 patriae
629 3578 686 3637 sub
702 3578 876 3639 moenibus!
901 3594 920 3636 o
934 3592 1015 3652 gens

166 3660 301 3733 ‚,tntelix‚
319 3662 365 3720 cui
381 3669 411 3722 te
425 3662 518 3722 exitio
533 3662 664 3722 Fortuna
677 3670 837 3723 reseruata
1081 3676 1135 3733 ωε,

166 3744 321 3820 „Septima
336 3754 407 3822 post
420 3748 528 3807 Troiae
544 3748 696 3807 excidium
712 3749 771 3807 iam
785 3748 911 3808 vertitur
925 3752 1043 3821 aestas,

165 3830 281 3905 „Quum
296 3831 380 3907 ircta,
398 3850 489 3909 quum
505 3838 601 3891 terras
617 3846 733 3905 omnes
750 3841 793 3893 tot
807 3831 963 3907 inhospita
977 3848 1059 3895 saxa
