2326 3780
377 172 597 235 GEORGICON
617 174 690 234 LIB.
712 176 763 235 IV.
1002 176 1046 241 83

90 329 280 405 „Immemor,
294 325 363 401 heu,
378 326 542 402 victusque
556 327 648 386 animi
662 329 808 403 respexit.
836 328 881 388 lbi
896 329 995 391 omnis

90 413 233 489 „Effusus
249 411 336 469 labor
349 417 440 485 atque
454 411 576 471 immitis
589 418 679 487 rupta
691 412 813 489 tyranni

90 496 257 572 „Foedera
271 502 378 568 terque
392 496 496 569 lragor
510 495 626 569 stagnis
640 496 762 555 auditus
776 497 919 557 Avernis.

90 582 165 656 „llla
174 579 267 653 „Quis
279 585 309 637 et
320 582 388 637 me“
400 579 497 652 inquit
507 579 670 653 „miseram
680 586 746 638 0110
755 580 897 656 perdidit,
910 580 1046 657 Orpheo„

89 664 203 739 „,‚Quis
218 669 320 723 tantus
335 663 440 723 lurort
452 662 498 722 En
512 663 619 722 iterum
634 663 770 722 crudelia
783 671 863 724 retro
917 733 920 737 ,
990 670 1046 724 495

89 749 203 824 „Fato
218 753 337 821 vocant,
352 747 518 821 conditque
531 748 666 807 natantia
679 748 794 808 lumina
807 764 943 808 somnus.

89 834 253 908 „lamque
267 831 351 890 valea
369 831 453 890 seror
464 831 578 905 ingenti
593 832 778 891 circumdata
791 841 890 906 nocte,

89 916 344 992 „‚,lnvalidasque
356 914 411 974 tibi
424 915 563 990 tendens,
577 915 637 975 heu
651 931 713 975 non
727 923 787 992 tua,
802 918 960 992 palmas!“

88 1001 197 1077 „Dixit
213 1007 242 1060 et
256 1016 296 1060 ex
309 999 407 1060 oculis
422 998 531 1074 subito,
547 1015 604 1059 ceu
619 1001 719 1060 tumus
734 1001 765 1059 in
780 1016 871 1061 auras

88 1085 294 1161 „commixtus
309 1091 426 1155 tenues,
443 1084 519 1159 lugit
533 1084 665 1160 diversa,
680 1099 781 1159 neque
795 1084 888 1159 illum,
990 1095 1047 1148 5⁰0

87 1169 303 1245 „Prensantern
316 1167 524 1242 nequidquam
538 1168 661 1228 mnbras
677 1176 707 1227 et
721 1169 814 1228 multa
827 1171 980 1229 volentem

87 1253 225 1328 „llicere
241 1260 401 1328 praeterea
412 1251 498 1325 vidit,
514 1266 571 1310 nce
586 1253 715 1327 portitor
730 1252 800 1311 Orci

87 1336 247 1412 „Amplius
263 1334 412 1394 obiectam
426 1350 540 1410 passus
554 1337 684 1394 transire
698 1337 852 1410 paludem.

88 1418 187 1494 „Quid
200 1418 336 1476 lacerett
357 1433 417 1491 quo
433 1433 467 1475 se
481 1423 569 1491 rapta
581 1417 629 1477 bis
645 1419 776 1493 coniuge
790 1421 902 1480 ferreti

88 1501 173 1578 „Quo
189 1500 263 1560 fletu
276 1500 392 1573 Manes,
408 1515 470 1574 qua
483 1500 612 1559 Numina
624 1516 703 1560 voce
718 1510 875 1562 moveret?
989 1514 1045 1568 000

88 1585 164 1661 „Illa
179 1584 302 1659 quidem
318 1581 426 1661 Stygia
438 1583 532 1642 nabat
545 1583 605 1641 iarn
620 1584 731 1658 frigida
744 1585 865 1662 cymba.

87 1669 234 1746 „Septem
247 1667 331 1726 illum
344 1674 427 1727 totos
441 1666 601 1741 perhibent
616 1683 655 1726 ex
670 1668 777 1728 ordine
790 1684 914 1728 menses

88 1755 196 1831 „Rupe
211 1751 267 1812 sub
283 1751 366 1813 00110
380 1751 493 1811 deserti
509 1751 549 1810 ad
563 1749 736 1829 Strymonis
751 1751 878 1811 undam·

88 1837 245 1914 „Flevisse
259 1843 290 1897 et
303 1835 413 1911 gelidis
427 1836 504 1895 haec
519 1835 675 1896 evolvisse
688 1836 746 1897 sub
762 1835 865 1909 antris,

87 1923 289 1999 „Muleentem
301 1921 395 1996 tigres
411 1926 441 1979 et
454 1927 595 1995 agentern
611 1921 743 1980 carmine
758 1935 906 1996 quereus=
988 1929 1045 1983 510

87 2006 211 2084 „Qualis
225 2006 360 2082 populea
376 2019 517 2064 maerens
531 2004 697 2080 philomela
712 2004 768 2064 sub
782 2004 890 2064 umbra

87 2091 250 2167 „Arnissos
266 2090 401 2165 queritur
414 2090 503 2164 letus,
519 2105 598 2164 quos
615 2090 710 2150 durus
725 2095 826 2148 arator

87 2175 284 2252 „Observans
297 2174 370 2234 nido
385 2174 547 2249 implumes
563 2174 707 2243 detraxit;
730 2180 760 2232 at
774 2173 825 2231 illa

87 2260 172 2336 „Flet
186 2266 315 2334 noctem,
330 2273 477 2333 ramoque
492 2257 606 2318 sedens
621 2257 794 2318 miserabile
809 2271 931 2316 carmen

88 2343 240 2420 „integrat
254 2349 284 2402 et
296 2342 421 2402 maestis
436 2345 496 2402 1010
509 2343 580 2401 1000
595 2338 755 2418 questibus
770 2340 884 2416 implet.
987 2350 1042 2404 510

88 2426 196 2501 „Nulla
208 2426 323 2499 Venus,
338 2442 400 2486 non
415 2427 468 2486 ulli
482 2426 614 2485 animum
628 2425 744 2485 llexere
757 2424 944 2503 Hymenaei,

88 2473 201 2586 „Solus
211 2508 430 2584 Hyperboreas
445 2511 558 2584 glacies
571 2510 757 2584 Tanaimque
772 2509 903 2568 nivalem

88 2595 254 2670 „Arvaque
267 2592 413 2668 Rhipaeis
427 2610 591 2669 numquam
605 2594 730 2654 viduata
744 2594 860 2669 pruinis

12 2680 22 2699 ‘
87 2675 278 2753 „Lustrabat
291 2683 408 2752 raptam
421 2676 596 2756 Eurydicen
611 2685 702 2753 atque
716 2678 800 2738 irrita
811 2676 888 2737 Ditis

88 2762 197 2837 „Dona
204 2776 352 2837 querens=
365 2767 488 2836 spretae
496 2762 640 2823 Ciconum
652 2778 713 2836 quo
725 2776 850 2822 munere
861 2768 973 2822 matres
988 2770 1043 2822 510

87 2847 189 2924 „Inter
203 2860 292 2906 sacra
306 2845 398 2905 daiam
411 2847 611 2921 nocturnique
627 2847 713 2922 orgia
725 2845 838 2906 Bacchi

87 2931 301 3006 „Discerptum
314 2930 393 2990 latos
409 2930 550 2991 iuvenem
565 2945 708 3006 sparsere
722 2946 779 3006 per
792 2944 894 3004 agros.

87 3016 182 3092 „Tum
197 3031 329 3090 quoque,
344 3030 514 3076 marmorea
529 3022 619 3090 caput
634 3031 652 3074 a
667 3015 787 3074 cervice
801 3013 956 3073 revulsum

86 3099 232 3174 „Gurgite
248 3117 340 3175 quum
352 3100 455 3160 medio
470 3108 596 3175 portans
609 3098 756 3175 Oeagrius
771 3098 891 3159 Hebrus

87 3185 262 3259 „volveret
277 3185 452 3263 Eurydicen
467 3200 530 3245 vox
544 3185 615 3260 ipsa
628 3191 659 3244 01
672 3184 782 3259 frigida
796 3183 909 3258 lingua,
989 3187 1042 3243 tao

87 3268 156 3343 „Ab
170 3269 314 3328 miseram
326 3269 510 3347 Eurydicen,
526 3270 626 3328 anima
640 3269 775 3345 fugiente
789 3267 933 3338 vocabat;

87 3351 282 3431 „Eurydicen
296 3359 360 3412 toto
374 3352 548 3413 referebant
561 3352 686 3413 flumine
699 3352 817 3428 ripae.“

87 3435 171 3494 Hace
183 3436 321 3512 Proteus,
343 3442 421 3497 etse
435 3436 514 3499 10010
528 3437 612 3498 dedit
626 3451 743 3513 aequor
756 3435 787 3495 in
802 3436 903 3545 altum,

802 3520 844 3583 gs

1067 3468 1124 3496 ..Ι
