2326 3780
376 160 693 220 INTRODUCTIO.
951 165 1017 223 xxi

55 327 167 394 tempus
190 336 215 375 a.
238 317 324 389 717.,
347 335 401 390 quo
422 319 561 375 Antonius
584 323 611 375 et
626 317 811 391 Octavianus,
836 320 1015 393 Maecenate,

55 407 186 477 Agrippa
201 408 228 458 et
239 402 354 459 Octavia
370 404 581 475 praesentibus,
606 402 719 459 Tarenti
740 412 949 475 convenerunt,
969 422 1016 462 re-

56 493 132 545 terre
154 489 317 543 maluerunt.
359 487 548 543 Posteriorem
569 489 736 556 sententiam
751 504 842 559 nuper
854 490 949 545 multis
964 489 1015 546 de·

56 572 146 629 tendit
168 570 196 628 G.
218 570 364 626 Kirchner.
387 572 416 626 in
437 571 643 639 Qmestiocabus
662 572 826 628 Horatianis
848 571 1017 646 [Numburgi

58 651 150 716 1834.
166 651 208 725 4.]
223 673 251 727 p.
272 650 322 717 54.
334 685 378 696 --
389 653 455 722 60.;
478 662 561 726 atque
575 655 727 713 Drumarn.
739 657 758 712 l.
772 672 796 712 c.
808 650 919 728 p.·422.
942 656 1015 713 adeo

58 741 164 808 statuit,
186 739 240 795 hoc
251 740 303 795 iter
313 739 524 794 Brundusinum
535 755 552 794 a
562 739 726 796 Maecenate
742 739 918 796 solummodo
931 740 1017 795 animi

56 825 264 896 voluptatisque
276 840 377 893 causa,
402 839 495 894 neque
507 840 577 880 vero
590 839 625 879 eo
637 824 753 897 consilio
765 828 928 895 susceptum
940 840 1016 894 esse,

54 914 86 964 ut
96 909 250 964 Antonium
262 907 434 965 conveniret
467 905 604 963 Neutrum
613 924 714 964 verum
725 925 805 978 esse,
820 909 874 963 alio
886 909 950 963 loco
962 907 1014 963 de-

54 993 283 1049 monstrabimus.
296 991 426 1048 Ceterum
432 990 487 1046 hoc
498 1000 571 1047 anno
579 991 714 1064 Virgilius
726 992 889 1064 Eclogam
903 992 1016 1065 septi-

54 1093 142 1132 mam
164 1077 313 1148 scripsisse
326 1075 404 1131 haud
417 1076 511 1148 inepte
527 1076 657 1146 creditur,
679 1091 848 1147 quamquam
862 1074 1018 1131 admodum

54 1161 166 1216 infirma
181 1162 241 1215 eius
258 1160 411 1215 sententiae
435 1166 600 1232 argumenta
622 1162 809 1232 proteruntur.
843 1158 1017 1215 Nllrilenlm
1059 1216 1067 1235 ,

54 1244 234 1317 proficimus,
257 1245 281 1298 si
293 1258 329 1300 ex
338 1260 431 1300 verss.
445 1244 473 1302 6.
487 1248 514 1300 et
525 1242 574 1304 13.
591 1245 763 1316 colligimus,
789 1260 904 1299 carmen
923 1258 1015 1301 verno

54 1335 183 1399 tempore
206 1329 391 1399 compositum
413 1345 478 1383 esse
496 1334 623 1400 apoeta,
646 1329 693 1398 qui
709 1334 769 1383 tum
782 1329 844 1400 ipse
855 1326 1015 1400 inpraedio

57 1427 110 1465 suo
123 1417 310 1464 commoratus
321 1411 364 1464 sit.
400 1410 469 1466 Inde
482 1412 555 1465 enirn
566 1413 660 1481 aliqua
671 1410 805 1466 duntaxat
814 1412 949 1483 temporis
960 1427 1014 1466 no-

57 1494 125 1547 tatio
138 1491 260 1547 derivari
271 1496 381 1562 posset,
406 1493 431 1545 si
445 1508 516 1548 vera
533 1500 609 1548 esset
624 1492 743 1564 Spohnii
757 1497 934 1564 observatio,
954 1493 1015 1550 exi-

58 1575 212 1644 stlmantis,
233 1574 381 1646 Virgilium
391 1591 461 1631 vere
473 1576 538 1629 anni
550 1574 621 1634 716.
659 1574 799 1648 Neapolin
810 1594 842 1632 se
854 1578 1015 1646 contulisse,

57 1663 153 1730 ibique
164 1674 216 1731 per
227 1665 336 1731 septem
348 1673 437 1712 annos
448 1664 593 1716 versatum
599 1663 681 1730 atque
689 1659 833 1730 Georgicis
842 1675 1015 1732 componen-

57 1746 102 1801 dis
116 1748 283 1815 occupatum
294 1743 390 1797 luisse.
408 1740 467 1798 Sed
479 1758 648 1814 quamquam
662 1759 698 1798 ex
709 1741 1016 1816 Georg.lV.125.·sqq.

56 1837 84 1886 et
96 1825 167 1888 563.
180 1843 241 1899 sqq.
259 1829 322 1882 coll.
337 1826 446 1882 Donato
464 1833 490 1894 s.
503 1822 553 1886 40.
570 1832 598 1883 et
611 1827 757 1899 Propertio
771 1827 803 1881 II.
815 1821 865 1886 34.
882 1826 933 1887 67.
946 1843 1016 1899 poe·

53 1920 128 1982 tam,
143 1913 190 1967 ubi
202 1911 341 1984 Georgica
352 1911 477 1983 scripsit,
493 1912 644 1966 maximam
656 1912 791 1984 temporis
803 1915 911 1983 partem
922 1912 951 1966 in
961 1911 1015 1968 Ita-

53 2000 93 2053 lia
109 1997 242 2052 inleriore
258 1996 365 2052 vixisse
381 2000 458 2050 recte
477 1996 649 2067 colligimus3
673 2002 767 2052 tamen
785 2012 849 2050 eum
865 1997 922 2051 iam
940 2012 1015 2053 anno

54 2081 145 2150 716.,
172 2097 227 2150 quo
237 2081 342 2135 bellurn
354 2085 450 2134 contra
460 2080 625 2153 Pompeium
635 2082 787 2154 parabatur
795 2085 882 2153 atque
893 2086 951 2137 tota
960 2082 1015 2136 Ita·

53 2167 92 2222 lia
103 2166 219 2220 interlor
231 2164 548 2221 maximobellitumultu
560 2168 731 2237 turbabatur,
742 2167 808 2222 illuc
819 2184 850 2222 se
863 2166 1015 2221 contulisse

53 2252 105 2308 vix
117 2249 250 2304 credibile
264 2254 313 2303 est.
356 2249 435 2304 Italia
445 2250 560 2305 interior
572 2255 636 2305 ante
654 2266 759 2305 annum
768 2249 841 2310 718.
853 2251 940 2305 turbis
953 2250 1014 2305 bel-

54 2336 115 2390 licis
128 2350 185 2388 non
197 2338 239 2388 est
249 2333 379 2402 liberata,
391 2350 483 2404 neque
494 2335 572 2406 prius
582 2334 718 2407 Vngilius
734 2335 764 2389 in
779 2350 842 2390 eam
855 2334 1014 2406 regionem,

55 2419 103 2473 ubi
113 2418 259 2473 Musarum
271 2418 368 2472 studiIs
380 2434 411 2472 se
423 2417 555 2490 dederet,
579 2420 781 2490 commigrasse
794 2417 917 2474 videtur.
952 2415 1014 2474 Sed

57 2506 189 2573 apparet,
205 2502 334 2572 eclogam
346 2502 492 2572 septImam
503 2502 636 2574 scriptam
648 2519 725 2572 esse,
742 2517 797 2573 quo
808 2506 935 2574 ternpore
947 2501 1012 2557 Gal-

56 2586 96 2639 lia
108 2583 247 2657 Cisalpina
261 2600 332 2656 pace
344 2586 495 2640 fruebatur.
517 2603 547 2645 v.
558 2585 643 2642 Voss.
656 2604 686 2659 p.
697 2583 769 2646 350.
804 2586 873 2640 Item
884 2585 939 2642 boc
950 2600 1012 2640 car-

56 2685 123 2724 men
139 2671 217 2741 prius
232 2685 316 2740 quam
333 2668 473 2725 decimum
490 2671 675 2742 compositum
691 2688 756 2726 esse
771 2676 887 2726 constat.
930 2667 1013 2735 Quod

56 2754 81 2808 si
92 2759 220 2808 tenemus
232 2758 315 2823 atque
325 2756 457 2825 insuper,
477 2759 592 2825 poetam
610 2756 675 2809 anni
690 2751 763 2815 715.
776 2770 847 2810 vere
860 2758 980 2809 exeunte
996 2767 1013 2806 a

56 2836 145 2892 Gallia
165 2836 284 2892 Romam
301 2838 404 2893 abiisse
421 2839 646 2910 meminerimus,
670 2839 809 2911 probabili
827 2854 896 2893 sane
916 2835 1013 2891 conie-

57 2926 136 2977 ctura
148 2920 203 2976 hoc
214 2937 328 2976 carmen
340 2938 413 2976 anno
425 2920 497 2980 716.
509 2925 632 2992 tribuere
644 2924 784 2980 videmur.

115 3005 218 3060 Anno
239 3002 311 3064 717.
354 3005 393 3061 Μ.
414 3004 592 3078 Vipsania
620 3008 786 3085 Agrippa
804 3005 836 3060 L.
859 3002 1010 3061 Caninio

56 3084 160 3146 Gallo
183 3106 274 3144 coss.
313 3089 448 3162 Virgilius
459 3088 598 3147 Bucolicis
609 3092 695 3148 finem
705 3090 837 3163 imposuit
849 3094 876 3144 et
886 3089 1012 3145 ultimum

56 3188 173 3230 carmen
182 3172 206 3227 E
215 3174 269 3228 clo
278 3189 356 3245 gam
367 3175 543 3231 decimam
554 3176 649 3231 edidit.
666 3174 878 3247 Agrippaenim
886 3180 1010 3230 extremo

56 3274 131 3313 anno
139 3254 212 3317 716.
225 3274 287 3312 cum
294 3259 418 3319 exercitu
425 3265 521 3316 contra
529 3260 622 3316 Gallos
634 3259 784 3314 seditiosos
796 3260 907 3327 missus,
919 3272 1010 3315 verno

56 3348 184 3414 tompore
196 3342 261 3397 anni
273 3340 346 3401 717.
362 3342 400 3398 ad
409 3341 539 3414 Rhenum
549 3344 705 3416 Aquitanas
718 3343 927 3414 Germanasque
940 3354 1010 3412 gen·

56 3432 99 3481 tes
116 3426 220 3484 devicit
238 3425 300 3494 [bio
313 3424 391 3481 Cass.
401 3426 520 3483 XLVIII.
532 3422 601 3500 49„
623 3427 798 3502 AppianV.
813 3426 871 3489 (32.
883 3424 1025 3482 etaunut.
