<?xml version="1.0" encoding="UTF-8"?>
<!DOCTYPE html PUBLIC "-//W3C//DTD XHTML 1.0 Transitional//EN"
    "http://www.w3.org/TR/xhtml1/DTD/xhtml1-transitional.dtd">
<html xmlns="http://www.w3.org/1999/xhtml" xml:lang="en" lang="en">
 <head>
  <title>
</title>
<meta http-equiv="Content-Type" content="text/html;charset=utf-8" />
  <meta name='ocr-system' content='tesseract 3.04.00' />
  <meta name='ocr-capabilities' content='ocr_page ocr_carea ocr_par ocr_line ocrx_word'/>
</head>
<body>
  <div class='ocr_page' id='page_1' title='image "./pvirgiliimaroni11virggoog/pvirgiliimaroni11virggoog_0657.png"; bbox 0 0 2340 4296; ppageno 0'>
   <div class='ocr_carea' id='block_1_1' title="bbox 163 592 848 689">
    <p class='ocr_par' dir='ltr' id='par_1_1' title="bbox 163 592 848 689">
     <span class='ocr_line' id='line_1_1' title="bbox 163 592 848 689; baseline -0.007 -29"><span class='ocrx_word' id='word_1_1' title='bbox 163 596 229 660; x_wconf 78' lang='lat' dir='ltr'>aaa</span> <span class='ocrx_word' id='word_1_2' title='bbox 281 678 288 689; x_wconf 19' lang='lat'>⁸</span> <span class='ocrx_word' id='word_1_3' title='bbox 434 594 466 655; x_wconf 86' lang='lat' dir='ltr'>r.</span> <span class='ocrx_word' id='word_1_4' title='bbox 492 594 650 656; x_wconf 80' lang='lat' dir='ltr'>vinculi</span> <span class='ocrx_word' id='word_1_5' title='bbox 671 592 848 655; x_wconf 73' lang='lat' dir='ltr'>manere</span> 
     </span>
    </p>
   </div>
   <div class='ocr_carea' id='block_1_2' title="bbox 87 746 1153 3931">
    <p class='ocr_par' dir='ltr' id='par_1_2' title="bbox 87 746 1128 1998">
     <span class='ocr_line' id='line_1_2' title="bbox 164 746 992 827; baseline 0 -17"><span class='ocrx_word' id='word_1_6' title='bbox 164 751 221 827; x_wconf 86' lang='lat' dir='ltr'>„Et</span> <span class='ocrx_word' id='word_1_7' title='bbox 235 763 315 809; x_wconf 92' lang='lat' dir='ltr'>nunc</span> <span class='ocrx_word' id='word_1_8' title='bbox 330 748 468 824; x_wconf 88' lang='lat' dir='ltr'>palantes</span> <span class='ocrx_word' id='word_1_9' title='bbox 484 746 587 820; x_wconf 86' lang='lat' dir='ltr'>video,</span> <span class='ocrx_word' id='word_1_10' title='bbox 601 747 806 823; x_wconf 75' lang='lat' dir='ltr'>gemitumque</span> <span class='ocrx_word' id='word_1_11' title='bbox 820 748 992 811; x_wconf 76' lang='lat' dir='ltr'><strong>cadentum</strong></span> 
     </span>
     <span class='ocr_line' id='line_1_3' title="bbox 163 832 1128 910; baseline 0.004 -17"><span class='ocrx_word' id='word_1_12' title='bbox 163 834 335 910; x_wconf 80' lang='lat' dir='ltr'>„Accipiot</span> <span class='ocrx_word' id='word_1_13' title='bbox 356 832 434 906; x_wconf 81' lang='lat' dir='ltr'>Quid</span> <span class='ocrx_word' id='word_1_14' title='bbox 448 847 517 907; x_wconf 87' lang='lat' dir='ltr'>ago,</span> <span class='ocrx_word' id='word_1_15' title='bbox 533 838 586 891; x_wconf 89' lang='lat' dir='ltr'>aut</span> <span class='ocrx_word' id='word_1_16' title='bbox 596 846 676 906; x_wconf 90' lang='lat' dir='ltr'>quae</span> <span class='ocrx_word' id='word_1_17' title='bbox 686 832 746 891; x_wconf 87' lang='lat' dir='ltr'>iam</span> <span class='ocrx_word' id='word_1_18' title='bbox 757 832 832 892; x_wconf 88' lang='lat' dir='ltr'>satis</span> <span class='ocrx_word' id='word_1_19' title='bbox 846 832 910 893; x_wconf 89' lang='lat' dir='ltr'>ima</span> <span class='ocrx_word' id='word_1_20' title='bbox 924 833 1073 897; x_wconf 80' lang='lat' dir='ltr'>deluscat</span> <span class='ocrx_word' id='word_1_21' title='bbox 1081 844 1128 899; x_wconf 77' lang='lat'>675</span> 
     </span>
     <span class='ocr_line' id='line_1_4' title="bbox 164 915 948 994; baseline 0.001 -18"><span class='ocrx_word' id='word_1_22' title='bbox 164 919 276 994; x_wconf 89' lang='lat' dir='ltr'>„Terra</span> <span class='ocrx_word' id='word_1_23' title='bbox 289 916 383 976; x_wconf 84' lang='lat' dir='ltr'>mihit</span> <span class='ocrx_word' id='word_1_24' title='bbox 403 917 469 975; x_wconf 87' lang='lat' dir='ltr'>Vos</span> <span class='ocrx_word' id='word_1_25' title='bbox 484 933 503 977; x_wconf 94' lang='lat' dir='ltr'>o</span> <span class='ocrx_word' id='word_1_26' title='bbox 518 915 619 991; x_wconf 91' lang='lat' dir='ltr'>potius</span> <span class='ocrx_word' id='word_1_27' title='bbox 633 915 830 991; x_wconf 80' lang='lat' dir='ltr'><strong>miserescite,</strong></span> <span class='ocrx_word' id='word_1_28' title='bbox 845 918 948 977; x_wconf 82' lang='lat' dir='ltr'>venti!</span> 
     </span>
     <span class='ocr_line' id='line_1_5' title="bbox 163 1000 978 1078; baseline 0.001 -17"><span class='ocrx_word' id='word_1_29' title='bbox 163 1002 217 1078; x_wconf 90' lang='lat' dir='ltr'>„ln</span> <span class='ocrx_word' id='word_1_30' title='bbox 232 1017 335 1076; x_wconf 90' lang='lat' dir='ltr'>rupes,</span> <span class='ocrx_word' id='word_1_31' title='bbox 351 1001 380 1059; x_wconf 93' lang='lat' dir='ltr'>in</span> <span class='ocrx_word' id='word_1_32' title='bbox 397 1016 473 1059; x_wconf 87' lang='lat' dir='ltr'>saxa</span> <span class='ocrx_word' id='word_1_33' title='bbox 487 1032 500 1042; x_wconf 94' lang='lat'>-</span> <span class='ocrx_word' id='word_1_34' title='bbox 514 1000 623 1059; x_wconf 85' lang='lat' dir='ltr'>volens</span> <span class='ocrx_word' id='word_1_35' title='bbox 637 1014 696 1059; x_wconf 92' lang='lat' dir='ltr'>vos</span> <span class='ocrx_word' id='word_1_36' title='bbox 712 1000 830 1059; x_wconf 86' lang='lat' dir='ltr'>Tamus</span> <span class='ocrx_word' id='word_1_37' title='bbox 845 1000 947 1062; x_wconf 92' lang='lat' dir='ltr'>adoro</span> <span class='ocrx_word' id='word_1_38' title='bbox 964 1034 978 1045; x_wconf 95' lang='lat'><em>-</em></span> 
     </span>
     <span class='ocr_line' id='line_1_6' title="bbox 164 1082 966 1161; baseline 0.002 -16"><span class='ocrx_word' id='word_1_39' title='bbox 164 1085 270 1161; x_wconf 86' lang='lat' dir='ltr'>„Ferte</span> <span class='ocrx_word' id='word_1_40' title='bbox 283 1092 388 1156; x_wconf 87' lang='lat' dir='ltr'>ratem,</span> <span class='ocrx_word' id='word_1_41' title='bbox 403 1084 567 1158; x_wconf 86' lang='lat' dir='ltr'>saevisque</span> <span class='ocrx_word' id='word_1_42' title='bbox 581 1083 672 1143; x_wconf 92' lang='lat' dir='ltr'>vadis</span> <span class='ocrx_word' id='word_1_43' title='bbox 687 1083 834 1143; x_wconf 80' lang='lat' dir='ltr'>immittite</span> <span class='ocrx_word' id='word_1_44' title='bbox 850 1082 966 1160; x_wconf 79' lang='lat' dir='ltr'>Syrtis,</span> 
     </span>
     <span class='ocr_line' id='line_1_7' title="bbox 163 1167 1065 1244; baseline 0.006 -18"><span class='ocrx_word' id='word_1_45' title='bbox 163 1169 250 1243; x_wconf 79' lang='lat' dir='ltr'>„Qrm</span> <span class='ocrx_word' id='word_1_46' title='bbox 267 1184 367 1243; x_wconf 90' lang='lat' dir='ltr'>nequo</span> <span class='ocrx_word' id='word_1_47' title='bbox 381 1183 430 1227; x_wconf 88' lang='lat' dir='ltr'>me</span> <span class='ocrx_word' id='word_1_48' title='bbox 443 1167 556 1240; x_wconf 84' lang='lat' dir='ltr'>Rutuli,</span> <span class='ocrx_word' id='word_1_49' title='bbox 572 1182 630 1226; x_wconf 90' lang='lat' dir='ltr'>nec</span> <span class='ocrx_word' id='word_1_50' title='bbox 645 1169 769 1228; x_wconf 88' lang='lat' dir='ltr'>conscia</span> <span class='ocrx_word' id='word_1_51' title='bbox 782 1168 864 1227; x_wconf 89' lang='lat' dir='ltr'>fama</span> <span class='ocrx_word' id='word_1_52' title='bbox 877 1178 1065 1244; x_wconf 85' lang='lat' dir='ltr'>sequatur.“</span> 
     </span>
     <span class='ocr_line' id='line_1_8' title="bbox 163 1250 1127 1333; baseline 0.007 -20"><span class='ocrx_word' id='word_1_53' title='bbox 163 1255 246 1313; x_wconf 86' lang='lat' dir='ltr'>llaec</span> <span class='ocrx_word' id='word_1_54' title='bbox 261 1268 443 1321; x_wconf 90' lang='lat' dir='ltr'>memorans,</span> <span class='ocrx_word' id='word_1_55' title='bbox 459 1252 559 1310; x_wconf 91' lang='lat' dir='ltr'>animo</span> <span class='ocrx_word' id='word_1_56' title='bbox 574 1267 655 1311; x_wconf 91' lang='lat' dir='ltr'>nunc</span> <span class='ocrx_word' id='word_1_57' title='bbox 667 1250 727 1310; x_wconf 91' lang='lat' dir='ltr'>huc</span> <span class='ocrx_word' id='word_1_58' title='bbox 741 1267 821 1311; x_wconf 90' lang='lat' dir='ltr'>nunc</span> <span class='ocrx_word' id='word_1_59' title='bbox 835 1250 967 1315; x_wconf 85' lang='lat' dir='ltr'>fluctuat</span> <span class='ocrx_word' id='word_1_60' title='bbox 980 1256 1065 1333; x_wconf 89' lang='lat' dir='ltr'>illuc,</span> <span class='ocrx_word' id='word_1_61' title='bbox 1079 1266 1127 1321; x_wconf 80' lang='lat' dir='ltr'>ottt</span> 
     </span>
     <span class='ocr_line' id='line_1_9' title="bbox 162 1335 917 1407; baseline 0 -11"><span class='ocrx_word' id='word_1_62' title='bbox 162 1339 210 1396; x_wconf 84' lang='lat' dir='ltr'>An</span> <span class='ocrx_word' id='word_1_63' title='bbox 227 1353 298 1397; x_wconf 90' lang='lat' dir='ltr'>sese</span> <span class='ocrx_word' id='word_1_64' title='bbox 311 1350 458 1396; x_wconf 90' lang='lat' dir='ltr'>mucrone</span> <span class='ocrx_word' id='word_1_65' title='bbox 473 1335 511 1407; x_wconf 85' lang='lat' dir='ltr'>qb</span> <span class='ocrx_word' id='word_1_66' title='bbox 526 1341 641 1394; x_wconf 87' lang='lat' dir='ltr'>tantum</span> <span class='ocrx_word' id='word_1_67' title='bbox 658 1335 793 1395; x_wconf 81' lang='lat' dir='ltr'>dedecus</span> <span class='ocrx_word' id='word_1_68' title='bbox 808 1350 917 1397; x_wconf 88' lang='lat' dir='ltr'>amens</span> 
     </span>
     <span class='ocr_line' id='line_1_10' title="bbox 163 1419 910 1495; baseline -0.004 -15"><span class='ocrx_word' id='word_1_69' title='bbox 163 1422 279 1494; x_wconf 89' lang='lat' dir='ltr'>lnduat,</span> <span class='ocrx_word' id='word_1_70' title='bbox 296 1427 326 1479; x_wconf 91' lang='lat' dir='ltr'>et</span> <span class='ocrx_word' id='word_1_71' title='bbox 341 1421 467 1479; x_wconf 91' lang='lat' dir='ltr'>crudum</span> <span class='ocrx_word' id='word_1_72' title='bbox 482 1434 539 1495; x_wconf 91' lang='lat' dir='ltr'>per</span> <span class='ocrx_word' id='word_1_73' title='bbox 552 1426 655 1479; x_wconf 90' lang='lat' dir='ltr'>costas</span> <span class='ocrx_word' id='word_1_74' title='bbox 671 1419 772 1493; x_wconf 87' lang='lat' dir='ltr'>exigat</span> <span class='ocrx_word' id='word_1_75' title='bbox 786 1434 910 1490; x_wconf 85' lang='lat' dir='ltr'>ensem;</span> 
     </span>
     <span class='ocr_line' id='line_1_11' title="bbox 162 1502 874 1574; baseline -0.003 -10"><span class='ocrx_word' id='word_1_76' title='bbox 162 1504 317 1564; x_wconf 84' lang='lat' dir='ltr'>Fluctibus</span> <span class='ocrx_word' id='word_1_77' title='bbox 333 1520 371 1562; x_wconf 91' lang='lat' dir='ltr'>an</span> <span class='ocrx_word' id='word_1_78' title='bbox 387 1503 477 1562; x_wconf 88' lang='lat' dir='ltr'>iaciat</span> <span class='ocrx_word' id='word_1_79' title='bbox 490 1504 608 1574; x_wconf 91' lang='lat' dir='ltr'>mediis,</span> <span class='ocrx_word' id='word_1_80' title='bbox 625 1510 656 1563; x_wconf 91' lang='lat' dir='ltr'>et</span> <span class='ocrx_word' id='word_1_81' title='bbox 669 1502 758 1562; x_wconf 88' lang='lat' dir='ltr'>litora</span> <span class='ocrx_word' id='word_1_82' title='bbox 771 1503 874 1562; x_wconf 91' lang='lat' dir='ltr'>nando</span> 
     </span>
     <span class='ocr_line' id='line_1_12' title="bbox 164 1586 1050 1662; baseline 0.006 -15"><span class='ocrx_word' id='word_1_83' title='bbox 164 1589 262 1648; x_wconf 87' lang='lat' dir='ltr'>Curva</span> <span class='ocrx_word' id='word_1_84' title='bbox 275 1594 367 1662; x_wconf 81' lang='lat' dir='ltr'>petat,</span> <span class='ocrx_word' id='word_1_85' title='bbox 381 1587 593 1662; x_wconf 79' lang='lat' dir='ltr'>Teucrumque</span> <span class='ocrx_word' id='word_1_86' title='bbox 606 1587 714 1647; x_wconf 90' lang='lat' dir='ltr'>iterum</span> <span class='ocrx_word' id='word_1_87' title='bbox 728 1602 763 1647; x_wconf 92' lang='lat' dir='ltr'>sc</span> <span class='ocrx_word' id='word_1_88' title='bbox 777 1586 886 1647; x_wconf 89' lang='lat' dir='ltr'>reddat</span> <span class='ocrx_word' id='word_1_89' title='bbox 900 1589 932 1648; x_wconf 93' lang='lat' dir='ltr'>in</span> <span class='ocrx_word' id='word_1_90' title='bbox 948 1605 1050 1652; x_wconf 87' lang='lat' dir='ltr'>arma.</span> 
     </span>
     <span class='ocr_line' id='line_1_13' title="bbox 163 1671 1125 1746; baseline 0.001 -15"><span class='ocrx_word' id='word_1_91' title='bbox 163 1673 220 1731; x_wconf 91' lang='lat' dir='ltr'>Ter</span> <span class='ocrx_word' id='word_1_92' title='bbox 236 1679 362 1743; x_wconf 83' lang='lat' dir='ltr'>conatus</span> <span class='ocrx_word' id='word_1_93' title='bbox 379 1677 537 1746; x_wconf 88' lang='lat' dir='ltr'>utramque</span> <span class='ocrx_word' id='word_1_94' title='bbox 549 1672 646 1730; x_wconf 83' lang='lat' dir='ltr'>viam:</span> <span class='ocrx_word' id='word_1_95' title='bbox 667 1678 714 1730; x_wconf 90' lang='lat' dir='ltr'>ter</span> <span class='ocrx_word' id='word_1_96' title='bbox 727 1672 859 1730; x_wconf 86' lang='lat' dir='ltr'>maxima</span> <span class='ocrx_word' id='word_1_97' title='bbox 868 1671 946 1732; x_wconf 91' lang='lat' dir='ltr'>luno</span> <span class='ocrx_word' id='word_1_98' title='bbox 1078 1686 1125 1740; x_wconf 72' lang='lat' dir='ltr'>fiat</span> 
     </span>
     <span class='ocr_line' id='line_1_14' title="bbox 87 1754 993 1830; baseline 0.004 -17"><span class='ocrx_word' id='word_1_99' title='bbox 87 1824 89 1828; x_wconf 23' lang='lat'>¹</span> <span class='ocrx_word' id='word_1_100' title='bbox 164 1754 323 1828; x_wconf 88' lang='lat' dir='ltr'>Continuit‚</span> <span class='ocrx_word' id='word_1_101' title='bbox 338 1755 542 1830; x_wconf 89' lang='lat' dir='ltr'>iuvenemque</span> <span class='ocrx_word' id='word_1_102' title='bbox 556 1757 656 1814; x_wconf 91' lang='lat' dir='ltr'>animo</span> <span class='ocrx_word' id='word_1_103' title='bbox 671 1754 815 1815; x_wconf 88' lang='lat' dir='ltr'>miserata</span> <span class='ocrx_word' id='word_1_104' title='bbox 827 1756 993 1829; x_wconf 85' lang='lat' dir='ltr'>repressit.</span> 
     </span>
     <span class='ocr_line' id='line_1_15' title="bbox 160 1837 988 1917; baseline 0.004 -20"><span class='ocrx_word' id='word_1_105' title='bbox 160 1838 284 1897; x_wconf 81' lang='lat' dir='ltr'>Labitur</span> <span class='ocrx_word' id='word_1_106' title='bbox 298 1839 359 1897; x_wconf 90' lang='lat' dir='ltr'>alta</span> <span class='ocrx_word' id='word_1_107' title='bbox 373 1853 483 1898; x_wconf 89' lang='lat' dir='ltr'>secans</span> <span class='ocrx_word' id='word_1_108' title='bbox 499 1837 654 1914; x_wconf 88' lang='lat' dir='ltr'>fluctuque</span> <span class='ocrx_word' id='word_1_109' title='bbox 667 1846 817 1914; x_wconf 84' lang='lat' dir='ltr'>aestuque</span> <span class='ocrx_word' id='word_1_110' title='bbox 833 1841 988 1917; x_wconf 91' lang='lat' dir='ltr'>secundo,</span> 
     </span>
     <span class='ocr_line' id='line_1_16' title="bbox 160 1922 924 1998; baseline 0.003 -17"><span class='ocrx_word' id='word_1_111' title='bbox 160 1922 197 1981; x_wconf 86' lang='lat' dir='ltr'>Et</span> <span class='ocrx_word' id='word_1_112' title='bbox 212 1923 306 1997; x_wconf 91' lang='lat' dir='ltr'>patris</span> <span class='ocrx_word' id='word_1_113' title='bbox 322 1923 476 1998; x_wconf 88' lang='lat' dir='ltr'>antiquam</span> <span class='ocrx_word' id='word_1_114' title='bbox 491 1923 587 1982; x_wconf 90' lang='lat' dir='ltr'>Dauni</span> <span class='ocrx_word' id='word_1_115' title='bbox 602 1923 738 1982; x_wconf 89' lang='lat' dir='ltr'>defertur</span> <span class='ocrx_word' id='word_1_116' title='bbox 750 1923 791 1981; x_wconf 89' lang='lat' dir='ltr'>ad</span> <span class='ocrx_word' id='word_1_117' title='bbox 806 1922 924 1983; x_wconf 89' lang='lat' dir='ltr'>urbem.</span> 
     </span>
    </p>

    <p class='ocr_par' dir='ltr' id='par_1_3' title="bbox 150 1996 1153 3931">
     <span class='ocr_line' id='line_1_17' title="bbox 203 1996 916 2068; baseline 0 -2"><span class='ocrx_word' id='word_1_118' title='bbox 203 2010 242 2066; x_wconf 85' lang='lat' dir='ltr'>At</span> <span class='ocrx_word' id='word_1_119' title='bbox 257 2007 339 2067; x_wconf 94' lang='lat' dir='ltr'>lovis</span> <span class='ocrx_word' id='word_1_120' title='bbox 354 2007 470 2068; x_wconf 80' lang='lat' dir='ltr'>interea</span> <span class='ocrx_word' id='word_1_121' title='bbox 483 1996 606 2066; x_wconf 88' lang='lat' dir='ltr'>mo&#39;nitis</span> <span class='ocrx_word' id='word_1_122' title='bbox 620 2006 788 2065; x_wconf 87' lang='lat' dir='ltr'>Mezentius</span> <span class='ocrx_word' id='word_1_123' title='bbox 802 2006 916 2066; x_wconf 87' lang='lat' dir='ltr'>ardens</span> 
     </span>
     <span class='ocr_line' id='line_1_18' title="bbox 161 2089 1127 2166; baseline 0.002 -16"><span class='ocrx_word' id='word_1_124' title='bbox 161 2089 306 2150; x_wconf 84' lang='lat' dir='ltr'>Succedit</span> <span class='ocrx_word' id='word_1_125' title='bbox 319 2106 449 2166; x_wconf 82' lang='lat' dir='ltr'>pugnae,</span> <span class='ocrx_word' id='word_1_126' title='bbox 464 2091 662 2166; x_wconf 89' lang='lat' dir='ltr'>Teucrosque</span> <span class='ocrx_word' id='word_1_127' title='bbox 678 2090 794 2150; x_wconf 89' lang='lat' dir='ltr'>invadit</span> <span class='ocrx_word' id='word_1_128' title='bbox 808 2098 949 2152; x_wconf 81' lang='lat' dir='ltr'>ovantes.</span> <span class='ocrx_word' id='word_1_129' title='bbox 1076 2107 1127 2162; x_wconf 80' lang='lat'>69⁰</span> 
     </span>
     <span class='ocr_line' id='line_1_19' title="bbox 161 2173 991 2252; baseline 0.004 -18"><span class='ocrx_word' id='word_1_130' title='bbox 161 2175 349 2235; x_wconf 87' lang='lat' dir='ltr'>Concurrunt</span> <span class='ocrx_word' id='word_1_131' title='bbox 362 2175 538 2252; x_wconf 80' lang='lat' dir='ltr'>Tyrrhenae</span> <span class='ocrx_word' id='word_1_132' title='bbox 552 2174 644 2247; x_wconf 78' lang='lat' dir='ltr'>acieS,</span> <span class='ocrx_word' id='word_1_133' title='bbox 661 2182 753 2249; x_wconf 90' lang='lat' dir='ltr'>atque</span> <span class='ocrx_word' id='word_1_134' title='bbox 769 2173 909 2235; x_wconf 88' lang='lat' dir='ltr'>omnibus</span> <span class='ocrx_word' id='word_1_135' title='bbox 925 2178 991 2252; x_wconf 91' lang='lat' dir='ltr'>uni,</span> 
     </span>
     <span class='ocr_line' id='line_1_20' title="bbox 162 2256 967 2334; baseline 0.002 -17"><span class='ocrx_word' id='word_1_136' title='bbox 162 2256 220 2317; x_wconf 91' lang='lat' dir='ltr'>Uni</span> <span class='ocrx_word' id='word_1_137' title='bbox 235 2259 376 2334; x_wconf 90' lang='lat' dir='ltr'>odiisque</span> <span class='ocrx_word' id='word_1_138' title='bbox 391 2259 456 2317; x_wconf 77' lang='lat' dir='ltr'>viro</span> <span class='ocrx_word' id='word_1_139' title='bbox 472 2258 603 2334; x_wconf 89' lang='lat' dir='ltr'>telisque</span> <span class='ocrx_word' id='word_1_140' title='bbox 618 2259 828 2333; x_wconf 82' lang='lat' dir='ltr'>frequentibus</span> <span class='ocrx_word' id='word_1_141' title='bbox 843 2259 967 2319; x_wconf 90' lang='lat' dir='ltr'>instant.</span> 
     </span>
     <span class='ocr_line' id='line_1_21' title="bbox 161 2341 998 2419; baseline 0.005 -18"><span class='ocrx_word' id='word_1_142' title='bbox 161 2341 221 2415; x_wconf 88' lang='lat' dir='ltr'>llle,</span> <span class='ocrx_word' id='word_1_143' title='bbox 237 2375 249 2384; x_wconf 87' lang='lat'><em>-</em></span> <span class='ocrx_word' id='word_1_144' title='bbox 264 2343 349 2402; x_wconf 91' lang='lat' dir='ltr'>vclut</span> <span class='ocrx_word' id='word_1_145' title='bbox 363 2358 464 2417; x_wconf 92' lang='lat' dir='ltr'>rupes,</span> <span class='ocrx_word' id='word_1_146' title='bbox 482 2349 601 2402; x_wconf 89' lang='lat' dir='ltr'>vastum</span> <span class='ocrx_word' id='word_1_147' title='bbox 616 2357 696 2416; x_wconf 90' lang='lat' dir='ltr'>quae</span> <span class='ocrx_word' id='word_1_148' title='bbox 712 2342 814 2417; x_wconf 88' lang='lat' dir='ltr'>prodit</span> <span class='ocrx_word' id='word_1_149' title='bbox 827 2342 859 2402; x_wconf 93' lang='lat' dir='ltr'>in</span> <span class='ocrx_word' id='word_1_150' title='bbox 873 2358 998 2419; x_wconf 89' lang='lat' dir='ltr'>aequor</span> 
     </span>
     <span class='ocr_line' id='line_1_22' title="bbox 161 2424 859 2501; baseline -0.001 -15"><span class='ocrx_word' id='word_1_151' title='bbox 161 2424 258 2486; x_wconf 82' lang='lat' dir='ltr'>Obvia</span> <span class='ocrx_word' id='word_1_152' title='bbox 270 2433 429 2486; x_wconf 85' lang='lat' dir='ltr'>ventorum</span> <span class='ocrx_word' id='word_1_153' title='bbox 445 2426 530 2486; x_wconf 87' lang='lat' dir='ltr'>furiis</span> <span class='ocrx_word' id='word_1_154' title='bbox 546 2434 739 2501; x_wconf 86' lang='lat' dir='ltr'>expostaque</span> <span class='ocrx_word' id='word_1_155' title='bbox 753 2433 859 2501; x_wconf 82' lang='lat' dir='ltr'>ponto,</span> 
     </span>
     <span class='ocr_line' id='line_1_23' title="bbox 161 2508 1125 2591; baseline 0.01 -25"><span class='ocrx_word' id='word_1_156' title='bbox 161 2508 228 2567; x_wconf 90' lang='lat' dir='ltr'>Vim</span> <span class='ocrx_word' id='word_1_157' title='bbox 240 2517 378 2570; x_wconf 88' lang='lat' dir='ltr'>cunctam</span> <span class='ocrx_word' id='word_1_158' title='bbox 393 2517 486 2586; x_wconf 91' lang='lat' dir='ltr'>atquc</span> <span class='ocrx_word' id='word_1_159' title='bbox 497 2513 595 2570; x_wconf 86' lang='lat' dir='ltr'>minas</span> <span class='ocrx_word' id='word_1_160' title='bbox 607 2511 720 2585; x_wconf 90' lang='lat' dir='ltr'>perfert</span> <span class='ocrx_word' id='word_1_161' title='bbox 735 2511 875 2585; x_wconf 88' lang='lat' dir='ltr'>coelique</span> <span class='ocrx_word' id='word_1_162' title='bbox 886 2512 1059 2591; x_wconf 86' lang='lat' dir='ltr'>marisque,</span> <span class='ocrx_word' id='word_1_163' title='bbox 1073 2526 1125 2581; x_wconf 76' lang='lat'>695</span> 
     </span>
     <span class='ocr_line' id='line_1_24' title="bbox 157 2593 1068 2673; baseline 0.011 -22"><span class='ocrx_word' id='word_1_164' title='bbox 157 2593 230 2668; x_wconf 89' lang='lat' dir='ltr'>lpsa</span> <span class='ocrx_word' id='word_1_165' title='bbox 244 2593 366 2653; x_wconf 88' lang='lat' dir='ltr'>immota</span> <span class='ocrx_word' id='word_1_166' title='bbox 380 2610 517 2669; x_wconf 89' lang='lat' dir='ltr'>manens,</span> <span class='ocrx_word' id='word_1_167' title='bbox 531 2628 543 2636; x_wconf 93' lang='lat'>-</span> <span class='ocrx_word' id='word_1_168' title='bbox 559 2595 676 2668; x_wconf 89' lang='lat' dir='ltr'>prolem</span> <span class='ocrx_word' id='word_1_169' title='bbox 690 2594 898 2670; x_wconf 85' lang='lat' dir='ltr'>Dolichaonis,</span> <span class='ocrx_word' id='word_1_170' title='bbox 912 2595 1068 2673; x_wconf 90' lang='lat' dir='ltr'>Hebrum,</span> 
     </span>
     <span class='ocr_line' id='line_1_25' title="bbox 158 2676 1098 2755; baseline 0.012 -20"><span class='ocrx_word' id='word_1_171' title='bbox 158 2676 269 2735; x_wconf 88' lang='lat' dir='ltr'>Sternit</span> <span class='ocrx_word' id='word_1_172' title='bbox 283 2677 374 2751; x_wconf 88' lang='lat' dir='ltr'>humi,</span> <span class='ocrx_word' id='word_1_173' title='bbox 390 2694 458 2738; x_wconf 89' lang='lat' dir='ltr'>cum</span> <span class='ocrx_word' id='word_1_174' title='bbox 474 2695 536 2754; x_wconf 89' lang='lat' dir='ltr'>quo</span> <span class='ocrx_word' id='word_1_175' title='bbox 550 2678 696 2752; x_wconf 75' lang='lat' dir='ltr'>Latatgum</span> <span class='ocrx_word' id='word_1_176' title='bbox 710 2678 908 2753; x_wconf 81' lang='lat' dir='ltr'>Palmumque</span> <span class='ocrx_word' id='word_1_177' title='bbox 923 2680 1072 2755; x_wconf 85' lang='lat' dir='ltr'>fugacem</span> <span class='ocrx_word' id='word_1_178' title='bbox 1086 2718 1098 2727; x_wconf 95' lang='lat'><em>-</em></span> 
     </span>
     <span class='ocr_line' id='line_1_26' title="bbox 158 2759 1006 2837; baseline 0.007 -17"><span class='ocrx_word' id='word_1_179' title='bbox 158 2759 221 2820; x_wconf 88' lang='lat' dir='ltr'>Sed</span> <span class='ocrx_word' id='word_1_180' title='bbox 234 2761 381 2836; x_wconf 79' lang='lat' dir='ltr'>Latagum</span> <span class='ocrx_word' id='word_1_181' title='bbox 398 2778 474 2822; x_wconf 86' lang='lat' dir='ltr'>saxo</span> <span class='ocrx_word' id='word_1_182' title='bbox 491 2771 584 2837; x_wconf 90' lang='lat' dir='ltr'>atquc</span> <span class='ocrx_word' id='word_1_183' title='bbox 599 2763 710 2837; x_wconf 84' lang='lat' dir='ltr'>ingenti</span> <span class='ocrx_word' id='word_1_184' title='bbox 726 2762 874 2837; x_wconf 81' lang='lat' dir='ltr'>fragmine</span> <span class='ocrx_word' id='word_1_185' title='bbox 888 2767 1006 2828; x_wconf 89' lang='lat' dir='ltr'>montis</span> 
     </span>
     <span class='ocr_line' id='line_1_27' title="bbox 158 2841 1002 2921; baseline 0.009 -18"><span class='ocrx_word' id='word_1_186' title='bbox 158 2841 292 2919; x_wconf 87' lang='lat' dir='ltr'>Occupat</span> <span class='ocrx_word' id='word_1_187' title='bbox 306 2862 342 2907; x_wconf 90' lang='lat' dir='ltr'>os</span> <span class='ocrx_word' id='word_1_188' title='bbox 357 2847 528 2921; x_wconf 84' lang='lat' dir='ltr'>faciemque</span> <span class='ocrx_word' id='word_1_189' title='bbox 543 2848 714 2920; x_wconf 88' lang='lat' dir='ltr'>adversam,</span> <span class='ocrx_word' id='word_1_190' title='bbox 730 2847 846 2921; x_wconf 87' lang='lat' dir='ltr'>poplite</span> <span class='ocrx_word' id='word_1_191' title='bbox 860 2845 1002 2911; x_wconf 88' lang='lat' dir='ltr'>Palmum</span> 
     </span>
     <span class='ocr_line' id='line_1_28' title="bbox 157 2925 1128 3006; baseline 0.002 -19"><span class='ocrx_word' id='word_1_192' title='bbox 157 2925 284 2991; x_wconf 86' lang='lat' dir='ltr'>Succiso</span> <span class='ocrx_word' id='word_1_193' title='bbox 302 2931 382 2989; x_wconf 80' lang='lat' dir='ltr'>volvi</span> <span class='ocrx_word' id='word_1_194' title='bbox 398 2946 524 3005; x_wconf 90' lang='lat' dir='ltr'>segnem</span> <span class='ocrx_word' id='word_1_195' title='bbox 539 2931 618 3003; x_wconf 82' lang='lat' dir='ltr'>sinit,</span> <span class='ocrx_word' id='word_1_196' title='bbox 633 2946 779 3006; x_wconf 89' lang='lat' dir='ltr'>armaque</span> <span class='ocrx_word' id='word_1_197' title='bbox 793 2930 896 2989; x_wconf 89' lang='lat' dir='ltr'>Lauso</span> <span class='ocrx_word' id='word_1_198' title='bbox 1075 2946 1128 3003; x_wconf 70' lang='lat' dir='ltr'>ppo</span> 
     </span>
     <span class='ocr_line' id='line_1_29' title="bbox 156 3011 979 3091; baseline 0.005 -22"><span class='ocrx_word' id='word_1_199' title='bbox 156 3011 256 3072; x_wconf 88' lang='lat' dir='ltr'>Donat</span> <span class='ocrx_word' id='word_1_200' title='bbox 271 3013 385 3072; x_wconf 90' lang='lat' dir='ltr'>habere</span> <span class='ocrx_word' id='word_1_201' title='bbox 400 3014 533 3073; x_wconf 88' lang='lat' dir='ltr'>humeris</span> <span class='ocrx_word' id='word_1_202' title='bbox 548 3021 578 3073; x_wconf 89' lang='lat' dir='ltr'>ct</span> <span class='ocrx_word' id='word_1_203' title='bbox 591 3015 705 3073; x_wconf 86' lang='lat' dir='ltr'>vertice</span> <span class='ocrx_word' id='word_1_204' title='bbox 719 3015 813 3088; x_wconf 87' lang='lat' dir='ltr'>ligere</span> <span class='ocrx_word' id='word_1_205' title='bbox 828 3015 938 3074; x_wconf 83' lang='lat' dir='ltr'>cristas</span> <span class='ocrx_word' id='word_1_206' title='bbox 954 3049 979 3091; x_wconf 90' lang='lat'>-,</span> 
     </span>
     <span class='ocr_line' id='line_1_30' title="bbox 155 3095 1022 3175; baseline 0.013 -22"><span class='ocrx_word' id='word_1_207' title='bbox 155 3095 217 3154; x_wconf 91' lang='lat' dir='ltr'>Nec</span> <span class='ocrx_word' id='word_1_208' title='bbox 232 3114 292 3157; x_wconf 91' lang='lat' dir='ltr'>non</span> <span class='ocrx_word' id='word_1_209' title='bbox 308 3096 465 3157; x_wconf 75' lang='lat' dir='ltr'>Euanthen</span> <span class='ocrx_word' id='word_1_210' title='bbox 479 3097 653 3175; x_wconf 84' lang='lat' dir='ltr'>Phrygium,</span> <span class='ocrx_word' id='word_1_211' title='bbox 675 3097 855 3173; x_wconf 87' lang='lat' dir='ltr'>Paridisque</span> <span class='ocrx_word' id='word_1_212' title='bbox 868 3098 1022 3164; x_wconf 89' lang='lat' dir='ltr'>Mimanta</span> 
     </span>
     <span class='ocr_line' id='line_1_31' title="bbox 154 3181 1110 3299; baseline 0.008 -61"><span class='ocrx_word' id='word_1_213' title='bbox 154 3181 325 3255; x_wconf 86' lang='lat' dir='ltr'>Aequalem</span> <span class='ocrx_word' id='word_1_214' title='bbox 340 3181 552 3256; x_wconf 87' lang='lat' dir='ltr'>comitemque,</span> <span class='ocrx_word' id='word_1_215' title='bbox 568 3198 629 3240; x_wconf 90' lang='lat' dir='ltr'>una</span> <span class='ocrx_word' id='word_1_216' title='bbox 645 3197 734 3257; x_wconf 87' lang='lat' dir='ltr'>quem</span> <span class='ocrx_word' id='word_1_217' title='bbox 750 3189 840 3243; x_wconf 93' lang='lat' dir='ltr'>nocte</span> <span class='ocrx_word' id='word_1_218' title='bbox 853 3181 981 3245; x_wconf 90' lang='lat' dir='ltr'>Theano</span> <span class='ocrx_word' id='word_1_219' title='bbox 1078 3228 1110 3299; x_wconf 56' lang='grc' dir='ltr'><strong><em>ο</em></strong></span> 
     </span>
     <span class='ocr_line' id='line_1_32' title="bbox 154 3264 1011 3343; baseline 0.013 -21"><span class='ocrx_word' id='word_1_220' title='bbox 154 3264 187 3322; x_wconf 94' lang='lat' dir='ltr'>ln</span> <span class='ocrx_word' id='word_1_221' title='bbox 202 3265 301 3323; x_wconf 89' lang='lat' dir='ltr'>lucem</span> <span class='ocrx_word' id='word_1_222' title='bbox 315 3265 444 3338; x_wconf 87' lang='lat' dir='ltr'>genitori</span> <span class='ocrx_word' id='word_1_223' title='bbox 457 3268 578 3343; x_wconf 79' lang='lat' dir='ltr'>Amyco</span> <span class='ocrx_word' id='word_1_224' title='bbox 595 3265 688 3337; x_wconf 88' lang='lat' dir='ltr'>dedit,</span> <span class='ocrx_word' id='word_1_225' title='bbox 704 3275 734 3326; x_wconf 88' lang='lat' dir='ltr'>et</span> <span class='ocrx_word' id='word_1_226' title='bbox 748 3267 816 3325; x_wconf 92' lang='lat' dir='ltr'>lace</span> <span class='ocrx_word' id='word_1_227' title='bbox 831 3280 1011 3341; x_wconf 86' lang='lat' dir='ltr'>praegnans</span> 
     </span>
     <span class='ocr_line' id='line_1_33' title="bbox 155 3347 1153 3447; baseline 0.003 -41"><span class='ocrx_word' id='word_1_228' title='bbox 155 3347 271 3407; x_wconf 88' lang='lat' dir='ltr'>Cisseis</span> <span class='ocrx_word' id='word_1_229' title='bbox 286 3348 392 3423; x_wconf 87' lang='lat' dir='ltr'>regina</span> <span class='ocrx_word' id='word_1_230' title='bbox 405 3348 519 3409; x_wconf 87' lang='lat' dir='ltr'>Parim:</span> <span class='ocrx_word' id='word_1_231' title='bbox 540 3348 625 3409; x_wconf 90' lang='lat' dir='ltr'>Paris</span> <span class='ocrx_word' id='word_1_232' title='bbox 641 3350 717 3410; x_wconf 88' lang='lat' dir='ltr'>urbe</span> <span class='ocrx_word' id='word_1_233' title='bbox 731 3356 858 3425; x_wconf 89' lang='lat' dir='ltr'>paterna</span> <span class='ocrx_word' id='word_1_234' title='bbox 1077 3369 1153 3447; x_wconf 73' lang='lat'>7⁰5,</span> 
     </span>
     <span class='ocr_line' id='line_1_34' title="bbox 152 3430 947 3507; baseline 0.004 -15"><span class='ocrx_word' id='word_1_235' title='bbox 152 3430 298 3503; x_wconf 88' lang='lat' dir='ltr'>Occubat,</span> <span class='ocrx_word' id='word_1_236' title='bbox 315 3433 450 3507; x_wconf 87' lang='lat' dir='ltr'>ignamm</span> <span class='ocrx_word' id='word_1_237' title='bbox 466 3434 602 3495; x_wconf 89' lang='lat' dir='ltr'>Laurens</span> <span class='ocrx_word' id='word_1_238' title='bbox 617 3434 710 3494; x_wconf 88' lang='lat' dir='ltr'>habet</span> <span class='ocrx_word' id='word_1_239' title='bbox 723 3450 778 3495; x_wconf 93' lang='lat' dir='ltr'>ora</span> <span class='ocrx_word' id='word_1_240' title='bbox 791 3433 947 3495; x_wconf 79' lang='lat' dir='ltr'>Mimanta</span> 
     </span>
     <span class='ocr_line' id='line_1_35' title="bbox 154 3518 952 3579; baseline 0.004 -4"><span class='ocrx_word' id='word_1_241' title='bbox 154 3518 199 3575; x_wconf 85' lang='lat' dir='ltr'>Ac</span> <span class='ocrx_word' id='word_1_242' title='bbox 213 3518 297 3577; x_wconf 86' lang='lat' dir='ltr'>velut</span> <span class='ocrx_word' id='word_1_243' title='bbox 311 3518 361 3577; x_wconf 90' lang='lat' dir='ltr'>ille</span> <span class='ocrx_word' id='word_1_244' title='bbox 377 3532 484 3577; x_wconf 76' lang='lat' dir='ltr'>canaam</span> <span class='ocrx_word' id='word_1_245' title='bbox 499 3534 603 3579; x_wconf 90' lang='lat' dir='ltr'>morsu</span> <span class='ocrx_word' id='word_1_246' title='bbox 618 3518 824 3578; x_wconf 84' lang='lat' dir='ltr'>dementibus</span> <span class='ocrx_word' id='word_1_247' title='bbox 840 3518 909 3578; x_wconf 88' lang='lat' dir='ltr'>altis</span> <span class='ocrx_word' id='word_1_248' title='bbox 948 3527 952 3535; x_wconf 90' lang='lat'>&#39;</span> 
     </span>
     <span class='ocr_line' id='line_1_36' title="bbox 153 3602 971 3678; baseline 0.007 -19"><span class='ocrx_word' id='word_1_249' title='bbox 153 3602 248 3660; x_wconf 87' lang='lat' dir='ltr'>Actus</span> <span class='ocrx_word' id='word_1_250' title='bbox 264 3616 346 3677; x_wconf 81' lang='lat' dir='ltr'>aper,</span> <span class='ocrx_word' id='word_1_251' title='bbox 361 3605 473 3663; x_wconf 90' lang='lat' dir='ltr'>multos</span> <span class='ocrx_word' id='word_1_252' title='bbox 488 3602 622 3663; x_wconf 87' lang='lat' dir='ltr'>Vesulus</span> <span class='ocrx_word' id='word_1_253' title='bbox 638 3619 728 3677; x_wconf 89' lang='lat' dir='ltr'>quem</span> <span class='ocrx_word' id='word_1_254' title='bbox 743 3602 854 3678; x_wconf 89' lang='lat' dir='ltr'>pinifer</span> <span class='ocrx_word' id='word_1_255' title='bbox 868 3618 971 3665; x_wconf 89' lang='lat' dir='ltr'>annos</span> 
     </span>
     <span class='ocr_line' id='line_1_37' title="bbox 152 3683 866 3762; baseline 0.008 -22"><span class='ocrx_word' id='word_1_256' title='bbox 152 3683 295 3745; x_wconf 84' lang='lat' dir='ltr'>Defendit</span> <span class='ocrx_word' id='word_1_257' title='bbox 309 3686 484 3762; x_wconf 89' lang='lat' dir='ltr'>multosque</span> <span class='ocrx_word' id='word_1_258' title='bbox 496 3688 585 3762; x_wconf 88' lang='lat' dir='ltr'>palus</span> <span class='ocrx_word' id='word_1_259' title='bbox 600 3687 770 3761; x_wconf 86' lang='lat' dir='ltr'>Laurentia,</span> <span class='ocrx_word' id='word_1_260' title='bbox 786 3686 866 3746; x_wconf 86' lang='lat' dir='ltr'>silva</span> 
     </span>
     <span class='ocr_line' id='line_1_38' title="bbox 150 3765 1131 3854; baseline 0.009 -29"><span class='ocrx_word' id='word_1_261' title='bbox 150 3765 261 3827; x_wconf 88' lang='lat' dir='ltr'>Pastas</span> <span class='ocrx_word' id='word_1_262' title='bbox 276 3770 458 3844; x_wconf 86' lang='lat' dir='ltr'>arundinea,</span> <span class='ocrx_word' id='word_1_263' title='bbox 482 3779 647 3846; x_wconf 89' lang='lat' dir='ltr'>postquam</span> <span class='ocrx_word' id='word_1_264' title='bbox 660 3771 738 3831; x_wconf 90' lang='lat' dir='ltr'>inter</span> <span class='ocrx_word' id='word_1_265' title='bbox 751 3770 828 3831; x_wconf 91' lang='lat' dir='ltr'>retia</span> <span class='ocrx_word' id='word_1_266' title='bbox 840 3777 970 3833; x_wconf 89' lang='lat' dir='ltr'>ventum</span> <span class='ocrx_word' id='word_1_267' title='bbox 985 3788 1047 3854; x_wconf 81' lang='lat' dir='ltr'>est,</span> <span class='ocrx_word' id='word_1_268' title='bbox 1075 3791 1131 3847; x_wconf 75' lang='lat'>710</span> 
     </span>
     <span class='ocr_line' id='line_1_39' title="bbox 153 3849 975 3931; baseline 0.011 -22"><span class='ocrx_word' id='word_1_269' title='bbox 153 3849 300 3914; x_wconf 89' lang='lat' dir='ltr'>Substitit</span> <span class='ocrx_word' id='word_1_270' title='bbox 317 3854 529 3917; x_wconf 85' lang='lat' dir='ltr'>infremuitque</span> <span class='ocrx_word' id='word_1_271' title='bbox 545 3856 632 3916; x_wconf 88' lang='lat' dir='ltr'>ferox</span> <span class='ocrx_word' id='word_1_272' title='bbox 646 3864 675 3915; x_wconf 89' lang='lat' dir='ltr'>et</span> <span class='ocrx_word' id='word_1_273' title='bbox 690 3856 837 3917; x_wconf 90' lang='lat' dir='ltr'>inhorruit</span> <span class='ocrx_word' id='word_1_274' title='bbox 851 3872 975 3931; x_wconf 83' lang='lat' dir='ltr'>armos;</span> 
     </span>
    </p>
   </div>
   <div class='ocr_carea' id='block_1_3' title="bbox 0 0 1174 4296">
    <p class='ocr_par' dir='ltr' id='par_1_4' title="bbox 0 0 1174 4296">
     <span class='ocr_line' id='line_1_40' title="bbox 0 0 1174 4296; baseline 0 2"><span class='ocrx_word' id='word_1_275' title='bbox 0 0 1174 4296; x_wconf 95' lang='lat' dir='ltr'> </span> 
     </span>
    </p>
   </div>
  </div>
 </body>
</html>
