2326 3780
356 110 575 175 GEORGICON
595 112 668 173 LlB.
689 114 727 173 Il.
972 110 1016 176 la

63 276 147 334 Vere
159 276 275 333 tument
288 276 387 328 terrae
402 273 432 326 et
445 265 587 340 genitalia
600 267 718 326 semma
732 274 872 342 poscunt.

63 359 138 419 Tum
153 363 240 432 pater
254 351 447 427 omnipotens
462 349 603 411 lecundIs
617 350 765 412 imbribus
777 351 892 413 aeman
964 358 1016 413 300

66 439 211 514 ConiugIs
226 438 257 497 in
271 435 418 511 gremium
431 435 529 493 laetae
543 434 710 509 deseendit,
727 443 757 495 et
773 451 879 497 omnes

64 526 195 599 Magnus
211 521 271 596 alit,
285 535 397 594 magno
411 518 591 578 commixtus
607 532 746 594 corpore,
762 520 852 581 letus.

65 610 147 671 Avia
159 614 223 666 tum
236 608 382 665 resonant
395 602 505 663 avibus
519 602 651 676 virgulta
663 603 794 677 canoris,

65 693 104 752 Et
116 693 266 750 Venerem
281 688 373 748 certis
385 692 527 762 repetunt
540 692 675 747 armenta
688 686 814 758 diebus;

65 774 194 835 Parturit
207 774 304 833 almus
319 786 400 847 ager,
414 770 609 847 Zephyrique
623 771 795 845 tepentibus
811 771 892 831 auris
966 773 1018 829 330

65 860 182 919 Laxant
196 873 271 918 arva
285 858 389 927 sinus3
413 860 538 930 superat
551 862 637 914 tener
650 855 792 917 omnibus
806 855 923 927 humor,

65 943 162 1019 Inque
176 958 278 1004 novos
293 942 376 1001 soles
391 940 505 998 audent
520 955 555 999 se
568 939 706 1014 germina
719 947 782 1001 tuto

64 1028 206 1099 Credere,
222 1041 280 1086 nec
294 1023 399 1085 meurit
413 1030 571 1099 surgentes
586 1023 749 1098 pampinus
760 1024 902 1097 Austros,

63 1113 126 1171 Aut
139 1119 241 1172 actum
254 1111 342 1170 coelo
357 1106 477 1183 magnis
490 1105 695 1182 Aquilonibus
709 1107 845 1180 imbrem

64 1195 128 1255 Sed
142 1196 236 1255 trudit
250 1209 387 1269 gemmas
401 1199 432 1253 et
445 1191 572 1251 frondes
587 1191 720 1267 explicat
734 1207 850 1252 omnes.
966 1194 1018 1251 330

61 1278 131 1339 Non
147 1280 224 1338 alios
239 1278 338 1353 prima
351 1276 517 1337 crescentis
533 1275 649 1350 origiue
663 1276 767 1336 muudi

63 1362 209 1422 illuxisse
223 1362 290 1421 dies
305 1362 437 1421 aliumve
450 1359 597 1421 habuisse
610 1366 747 1421 tenorem

66 1444 269 1505 Crediderim:
290 1458 346 1503 ver
358 1444 434 1503 illud
448 1457 519 1517 erat,
536 1460 590 1504 ver
603 1458 735 1518 magnus
748 1444 858 1518 agebat

67 1527 166 1601 Orbis,
189 1534 220 1588 et
232 1527 368 1587 hibemIs
381 1527 547 1602 parcebant
561 1527 685 1587 flatibus
699 1527 780 1600 Euri,

66 1612 166 1686 Quum
178 1612 296 1689 primae
311 1611 410 1672 lucem
424 1611 561 1686 pecudes
575 1611 716 1683 hausere,
733 1611 892 1685 virumque
968 1612 1021 1668 300

64 1699 178 1756 Terrea
191 1695 356 1771 progenies
372 1694 456 1754 duris
471 1701 563 1769 caput
577 1695 682 1757 extulit
695 1695 786 1767 arvis,

65 1780 287 1856 immissoeque
301 1781 385 1839 ferae
399 1778 487 1839 silvis
502 1785 533 1842 et
547 1779 650 1840 sidera
664 1781 762 1841 coelo.

63 1865 128 1925 Nec
141 1880 192 1924 res
207 1866 288 1925 hune
301 1870 426 1925 tenerae
439 1870 570 1938 possent
584 1864 721 1938 perterre
734 1862 878 1935 laborem,

64 1950 98 2009 Si
113 1964 174 2008 non
188 1956 273 2010 tanta
287 1949 375 2024 qules
390 1949 447 2008 iret
461 1948 620 2023 frigusque
633 1949 828 2021 caloremque

64 2034 155 2107 Inter,
172 2040 201 2093 et
216 2033 371 2109 exciperet
385 2033 464 2093 coeli
478 2031 668 2106 indulgentia
681 2039 788 2093 terras.
968 2034 1019 2089 345

107 2118 194 2191 Quod
203 2125 353 2193 superest,
366 2131 578 2191 quaecumque
584 2131 706 2191 premes
713 2115 844 2190 virgulta
850 2129 907 2189 per
918 2129 1019 2189 agros,

63 2200 183 2278 Sparge
197 2202 269 2260 fimo
285 2200 391 2276 pingui
405 2207 435 2261 ct
448 2200 543 2261 multo
556 2215 673 2260 memor
686 2200 793 2259 occule
806 2205 894 2271 terra,

64 2286 127 2345 Aut
141 2285 275 2358 lapidem
287 2284 424 2345 bibulum
438 2289 492 2345 aut
505 2284 681 2358 squalentes
696 2282 801 2343 lnlode
815 2281 965 2343 conchess

63 2368 147 2427 Inter
161 2368 240 2426 enim
254 2367 394 2427 labentur
406 2382 515 2443 aquae,
529 2367 692 2442 tenuisque
708 2364 821 2427 subibit

64 2450 195 2522 Halims,
212 2456 304 2524 atque
317 2450 436 2512 animos
449 2452 556 2513 tollent
571 2458 646 2512 sata.
679 2452 806 2525 lamque
819 2448 940 2527 reperti,
967 2454 1021 2509 300

65 2533 124 2607 Qui
140 2548 217 2593 saxo
233 2547 328 2607 super
341 2540 434 2608 atque
447 2535 579 2611 ingentis
593 2535 732 2611 pondere
745 2540 844 2595 testae

64 2619 232 2692 Urgerent=
253 2616 313 2677 hoe
328 2615 447 2679 effusos
460 2620 613 2681 munimen
627 2618 669 2679 ad
681 2618 805 2691 imbres,

64 2702 149 2775 Hoc,¹
159 2700 212 2761 ubi
224 2700 328 2762 htulea
341 2701 391 2763 siti
404 2700 494 2763 findit
506 2703 591 2763 canis
606 2702 730 2763 aestifer
743 2718 828 2763 arvo.

107 2784 280 2846 Seminibus
294 2784 415 2862 positis,
430 2793 573 2862 superest
587 2786 732 2847 diducere
745 2794 857 2848 terram
895 2843 898 2848 ,

65 2869 199 2945 Saepius
214 2870 254 2928 ad
269 2871 379 2947 capita,
393 2876 425 2931 et
437 2871 533 2933 duros
547 2870 661 2931 iactare
674 2870 826 2943 bidentes,
968 2872 1021 2929 300

64 2957 125 3015 Aut
138 2968 250 3029 presso
265 2968 412 3015 exercere
426 2956 528 3017 solum
542 2954 600 3016 sub
614 2969 749 3029 vomere,
764 2963 795 3017 et
809 2956 879 3031 ipsa

60 3039 200 3099 Flectere
214 3038 364 3099 luctantes
378 3038 457 3099 inter
469 3038 573 3103 vineto
586 3038 751 3110 iuvencos;

61 3124 138 3184 lum
152 3122 239 3183 leves
254 3124 390 3184 calamos
407 3129 437 3183 ct
449 3138 540 3185 rasae
553 3124 675 3187 hastilia
688 3124 794 3199 virgae

61 3205 296 3282 Fraxincasque
309 3214 418 3283 aptare
432 3207 528 3269 sudes
541 3208 705 3283 lineasque
719 3207 866 3281 valentes,

61 3291 190 3351 Viribus
206 3290 802 3366 enitiquarumeteontemnereventos
966 3295 1019 3351 300

61 3376 269 3450 adsuescant,
290 3389 492 3453 summasque
505 3378 595 3453 sequi
608 3377 743 3439 tabulate
756 3391 812 3453 per
825 3376 940 3437 ulmos.

105 3474 268 3521 vrnonrus.
805 3468 826 3523 t
