2326 3780
116 168 181 236 aec
223 146 228 155 ’
394 168 428 229 a.
447 167 612 231 naemu
632 167 822 232 maacms

114 323 214 386 Vobis
230 320 257 383 si
272 323 365 399 culpa
378 326 427 382 est
438 319 527 391 bilis3
550 334 610 381 sue
625 335 792 397 quemque
806 328 969 397 sequuntur

155 408 245 468 Fata:
269 407 353 482 quod
367 404 507 465 immeriti
522 402 638 465 crimen
652 404 776 467 habent
790 406 919 483 cyathi?

116 492 238 568 Scripta
251 490 376 566 quidem
388 496 442 550 tua
455 504 514 549 nos
528 489 658 551 multum
673 488 867 566 mirabimur,
883 498 914 551 et
926 500 953 551 te
1031 504 1039 553 ἰ

155 577 288 652 Raptum
302 582 333 636 et
345 576 515 635 Romanam
529 570 675 633 flebimus
690 572 876 646 historiam3

116 660 180 720 Sed
193 668 227 721 tu
240 660 341 720 nullus
356 659 427 719 eris.
455 656 608 733 Perversi,
624 656 728 730 dicite,
744 657 869 733 Manes,

155 744 244 806 Hunc
259 757 428 820 superesse
441 741 520 819 patri
535 757 617 815 quae
630 740 690 801 luit
703 741 850 802 invidiae
1059 737 1064 800 i

402 965 433 1019 P.
455 858 791 1019 VlRGlLXlAIllA-RONIS

114 1056 347 1122 FRAGMENTA
365 1056 420 1120 EX
440 1056 639 1135 EPlSl'OEA,
668 1056 788 1133 Qum
806 1058 862 1119 AD
885 1060 1055 1125 lucusta

176 1141 381 1205 CAESAREM
406 1140 528 1204 SUPER
544 1138 719 1209 Addume
745 1142 829 1205 stJA
851 1144 1022 1209 scnlrslr.

195 1244 262 1319 Ego
277 1258 351 1304 vero
367 1242 543 1318 trequentes
557 1250 620 1305 ate
632 1241 740 1304 literas
754 1244 898 1320 accipio.
935 1246 976 1309 Et
985 1248 1058 1321 irisan:

114 1327 160 1386 De
172 1327 280 1387 Aenea
299 1326 424 1403 quidem
444 1343 529 1402 mec,
554 1327 598 1405 si,
620 1342 671 1387 mc
683 1324 864 1402 Hercules,
890 1330 954 1390 iam
967 1331 1059 1407 dignun

115 1409 239 1471 auribus
253 1408 399 1471 haberem
411 1410 482 1484 tuis,
497 1412 627 1473 libenter
638 1410 806 1471 mitterem.
836 1411 905 1473 Sed
919 1422 1024 1477 tantun
1033 1417 1060 1475 in

116 1494 225 1555 elacata
244 1510 295 1555 res
315 1502 379 1571 est,
403 1502 442 1555 ut·
456 1512 556 1572 paene
569 1494 644 1556 vitio
659 1494 773 1555 mentis
796 1502 925 1559 tanturn
947 1517 1018 1577 epus
1034 1502 1060 1559 in·

115 1594 241 1653 gressus
252 1578 325 1638 mihi
335 1578 454 1639 videar:
470 1594 538 1640 cum
549 1579 739 1657 praesertim,
751 1586 789 1639 ut
801 1582 881 1653 scis,
894 1584 958 1645 alia
969 1600 1062 1661 quicque

115 1664 218 1724 studia
232 1664 272 1724 ad
286 1663 318 1723 id
334 1679 423 1739 opus,
439 1664 595 1741 multoque
609 1664 741 1741 potiora
757 1662 939 1743 impertiar.

406 1904 781 1975 nvncnnmrcns

343 2010 439 2105 C·
492 2010 522 2107 θ
572 2100 575 2105 .
639 2012 671 2107 Ρ
788 2016 851 2112 A.

115 2160 201 2238 copa
216 2159 351 2238 synam,
367 2168 460 2237 eaput
474 2162 565 2223 Graia
576 2164 717 2225 redimita
730 2166 865 2245 mitella,

156 2245 294 2322 crispum
308 2244 366 2305 sub
382 2246 498 2307 erotulc
512 2246 604 2309 decta
616 2264 742 2309 movere
756 2250 854 2327 latus,

112 2328 205 2389 Ebria
219 2329 338 2389 famosa
353 2330 444 2390 saltet
455 2331 574 2391 lasciva
585 2331 720 2405 taberna,

153 2412 204 2473 Ad
219 2413 351 2473 cubitum
363 2429 475 2476 raucos
490 2416 647 2477 excutiens
662 2417 811 2480 edemus.

114 2494 192 2571 and
205 2496 290 2557 iuvat
303 2498 422 2559 aestive
436 2498 594 2561 defessum
606 2500 734 2575 pulvere
748 2501 897 2567 abesset
1057 2518 1068 2569 5

153 2579 249 2653 Quam
262 2582 344 2655 potis
358 2597 393 2641 es
407 2581 512 2643 bibulo
525 2582 711 2645 decubuisse
723 2592 812 2647 tore!

113 2663 190 2723 Sunt
204 2677 302 2739 cupae
317 2670 347 2725 et
360 2666 483 2739 calices,
498 2668 611 2743 cyathi,
624 2683 707 2741 rosa,
722 2668 810 2745 tibia,
826 2673 985 2755 chordae,

152 2746 190 2806 Et
202 2746 509 2811 trichila'nmbn'leris
522 2752 633 2827 frigida
645 2752 873 2829 arundinibus;

110 2829 157 2889 En
172 2836 210 2903 et,
225 2830 377 2892 Maenalio
394 2850 474 2909 quac
486 2834 581 2910 garrit
594 2835 685 2896 dulce
698 2836 758 2899 sub
773 2846 881 2918 anuo,

151 2914 277 2975 Rustica
290 2917 424 2991 pastoris
437 2918 541 2981 fistula
554 2918 587 2979 in
599 2933 656 2981 cre
668 2926 772 2981 senet.
1053 2938 1078 2993 1u

110 2996 166 3056 Est
180 3004 210 3058 et
222 3014 337 3075 vappa,
353 3001 432 3061 cedo
446 3018 546 3078 nuper
559 3002 670 3067 delusa
682 3004 798 3081 picato,
1071 3020 1075 3029 ·

149 3080 187 3141 Et
201 3084 365 3159 strepitans
378 3100 473 3145 rauce
488 3101 641 3149 murmure
652 3087 739 3149 rivus
754 3105 874 3166 aquae.
963 3121 967 3127 ·

110 3161 189 3224 Sunt
203 3166 293 3227 etiam
308 3181 419 3228 croceo
434 3170 536 3231 violae
550 3170 591 3231 de
603 3168 682 3232 llere
696 3172 847 3255 corollae,

150 3246 298 3325 Sertaque
312 3268 467 3328 purpurea
480 3252 563 3313 lutea
574 3254 669 3315 mixta
681 3271 768 3333 rusa,

107 3326 390 3409 Elquaevirgineo
405 3335 499 3395 libata
512 3337 659 3399 Achelois
674 3338 826 3405 abamne
1057 3362 1085 3415 15

148 3413 226 3475 Lilia
239 3417 380 3478 vimineis
396 3420 494 3480 attulit
505 3420 539 3478 in
551 3422 690 3482 calathis.
978 3427 988 3443 “

1121 2791 1128 2844 l

1125 2883 1134 2928 t

1127 2947 1134 2988 r
